2225 3049
1094 233 1182 263 XVI

254 340 459 371 praenomen
480 339 575 359 suum
601 328 718 368 Quinti
740 328 818 359 inde
843 329 1093 369 explicandum,
1126 330 1299 367 docuerat,
1333 329 1427 367 quod
1449 329 1524 368 ipse
1547 340 1567 359 a
1588 329 1794 370 Pythagora
1829 332 1964 371 quintus
1995 334 2028 363 in

253 383 465 423 migrationis
489 381 676 412 animarum
699 383 787 413 serie
813 390 1058 413 numeraretur.
1092 382 1183 411 Tota
1206 391 1262 411 res
1279 382 1531 412 amabilissume
1556 384 1599 412 ab
1615 383 1902 423 ingeniosissumo
1925 393 2030 425 poeta

254 437 453 475 excogitata
476 441 536 466 est.
580 436 619 465 In
642 436 821 475 prooemio
847 436 934 466 enim
953 436 1142 466 Homerum
1165 441 1299 474 patrem
1321 436 1354 465 in
1371 435 1510 466 somniis
1527 436 1590 466 sibi
1608 438 1849 469 obversantem
1871 438 2030 479 finxerat,

253 491 318 530 qui.
343 490 505 529 quoniam
529 490 585 520 illa
609 490 722 520 anima
745 491 840 519 salva
865 500 1000 529 semper
1022 489 1187 519 memoria
1220 499 1283 528 per
1316 491 1453 520 saecula
1476 491 1658 530 migrabat,
1685 492 1832 521 animam
1856 494 2030 532 quondam

251 555 346 575 suam
370 545 403 575 in
426 555 562 584 pavone
583 545 704 580 fuisse,
738 545 847 574 Ennio
871 550 1064 582 narrasset3
1099 545 1190 583 apud
1215 543 1405 574 Charisium
1437 555 1467 583 p.
1492 545 1530 575 75
1554 545 1607 576 ed.
1628 544 1782 576 Putsch.:
1817 546 1960 576 memini
1980 557 2030 577 me

254 599 332 632 licre
358 602 488 639 pavone.
532 600 763 630 Tertullianus
789 599 831 628 de
860 598 972 628 anima
992 598 1032 628 33
1064 607 1095 636 p.
1120 598 1198 628 1047
1231 598 1282 628 ed.
1307 597 1449 628 Oehler:
1484 598 1604 628 Pavent
1626 608 1660 629 se
1682 598 1840 630 meminit
1860 601 2030 631 Homerus

250 651 368 682 Ennio
389 652 578 682 somniante·
601 678 606 683 .
626 677 631 682 .
650 678 656 683 .
682 652 878 681 Damnatus
910 654 960 681 est
991 650 1105 691 {gitur
1126 651 1296 681 Homerus
1329 650 1365 680 [η
1382 654 1514 691 parom,
1550 663 1616 682 mm
1643 652 1835 685 lzonoralus.
1879 655 2029 685 Pavonis

253 716 337 737 vero
354 707 443 737 illius
460 707 616 742 animam,
642 716 729 745 quae
745 706 776 735 in
794 705 1026 744 Euphorbum,
1052 716 1096 736 ex
1112 705 1302 745 Euphorbo
1319 706 1351 735 in
1366 705 1565 741 Homerum,
1590 717 1634 737 ex
1648 707 1804 738 Homero
1828 709 1973 748 denique
1995 710 2028 740 in

251 760 396 790 Ennium
418 761 600 795 transiiset,
624 760 865 790 vetustissimis
882 760 961 790 olim
978 760 1193 799 temporibus
1208 760 1434 799 Pythagorae
1452 760 1566 796 fuisse,
1590 771 1691 800 quem
1708 761 1837 791 Ennius
1853 763 1897 792 ad
1912 764 2028 793 neseio

253 824 356 854 quam
372 815 646 845 remotissumam
663 814 902 853 antiquitatem
918 815 1101 854 relegarat.
1127 814 1252 844 Totam
1270 824 1343 844 rem
1360 815 1443 844 satis
1459 815 1640 854 perspicue
1657 816 1821 855 explanat
1836 814 2031 847 Scholiasta

250 869 295 898 ad
309 869 419 899 Persii
441 878 577 898 versum
600 869 688 898 hunc
712 868 819 906 (Pers.
842 868 899 903 VI,
920 869 983 907 10):
1001 870 1176 908 postquam
1192 866 1372 897 destertuit
1390 877 1458 897 csse
1473 867 1485 908 ΙΙ
1500 867 1707 905 ΑἸίαεωῑίαῖεε,
1733 868 1885 908 Quintus
1901 873 2031 910 patrone

251 932 294 952 ex
316 922 533 963 Erthagorea,
569 922 625 961 qui
648 923 734 952 haec
757 923 914 952 adnotat:
951 921 1025 952 idco
1049 921 1190 962 quintus
1220 921 1314 958 dicit,
1341 924 1479 962 propter
1501 932 1572 951 eam
1595 921 1796 962 opinionem,
1832 933 1916 963 quac
1948 922 2034 953 dicit

250 975 399 1006 animam
423 975 631 1016 lelmgorae
661 974 698 1005 ilc
719 979 878 1015 pavonem
908 976 1119 1011 translatam,
1152 976 1191 1005 dc
1207 979 1337 1016 pavone
1357 986 1434 1006 vcra
1466 976 1512 1006 ad
1532 976 1758 1016 Euphorbum,
1792 977 1832 1007 de
1853 977 2031 1018 Euphorbo

250 1030 296 1060 ad
317 1030 510 1065 fflwerum,
532 1029 571 1059 de
592 1030 739 1060 Homero
761 1032 871 1059 aulem
895 1030 941 1060 ad
960 1029 1125 1061 Ennium.
1170 1032 1224 1060 Ac
1254 1032 1296 1061 de
1319 1041 1455 1070 pavone
1484 1031 1623 1070 quidem
1654 1041 1742 1070 quae
1765 1031 1893 1061 Ennius
1921 1031 2030 1067 finxit,

252 1095 293 1115 ea
313 1095 379 1114 non
405 1085 518 1113 omnia
542 1094 654 1114 merus
678 1085 805 1123 ingenii
829 1085 922 1114 lusus
946 1085 1117 1119 videntum
1142 1085 1243 1114 immo
1268 1095 1311 1115 ex
1335 1085 1525 1115 vetustiore
1549 1085 1662 1124 aliqua
1683 1085 1775 1115 fama
1795 1085 2031 1125 Pythagorica

252 1145 437 1176 assumpta.
481 1138 569 1167 Nam
592 1138 623 1167 in
644 1138 755 1177 patria
779 1138 1006 1177 Pythagorae
1028 1139 1139 1168 insula
1162 1138 1266 1169 Samo
1290 1139 1322 1168 in
1347 1139 1484 1169 Iunonis
1516 1140 1679 1169 honorem
1706 1149 1835 1179 greges
1856 1149 2030 1179 pavonum

251 1193 294 1222 ali
317 1192 438 1222 solitos
462 1202 537 1222 esse
561 1199 677 1222 notum
703 1198 768 1222 est:
794 1192 995 1222 Athenaeus
1018 1192 1107 1222 XIV
1129 1203 1161 1232 p.
1187 1194 1280 1223 655³:
1306 1193 1497 1230 Μηνόδοτος
1520 1195 1554 1224 δὲ
1578 1193 1596 1224 ὁ
1613 1193 1732 1231 Σάμιος
1754 1194 1788 1224 ἐν
1811 1196 1855 1234 τῷ
1871 1194 1943 1232 περὶ
1964 1196 2029 1225 τῶν

251 1248 330 1277 κατὰ
353 1246 388 1277 τὸ
411 1246 500 1284 ἱερὸν
523 1248 580 1284 τῆς
597 1247 718 1283 Σαμίας
734 1246 842 1284 ’Ἥρας
866 1247 978 1284 φησίν
1003 1247 1032 1277 oi
1055 1248 1125 1277 ταοὶ
1148 1247 1227 1284 ἱεροί
1251 1247 1311 1277 εἰσι
1334 1249 1390 1284 τῆς
1410 1247 1523 1285 (Ἠρας.
1558 1248 1608 1277 καὶ
1641 1247 1762 1284 μήποτε
1785 1248 1957 1285 πρώτιστοι
1979 1249 2030 1278 καὶ

250 1301 399 1337 ἐγένοντο
428 1301 477 1330 καὶ
505 1300 694 1338 ἐτράφησαν
725 1300 760 1330 ἐν
784 1301 881 1340 Σάμῳ
905 1301 955 1331 καὶ
979 1302 1125 1331 ἐντεῦθεν
1157 1301 1201 1338 εἰς
1228 1302 1305 1338 τοὺς
1334 1301 1394 1332 ἔξω
1424 1302 1545 1338 τόπους
1569 1301 1771 1338 διεδόθησαν.
1807 1300 1892 1331 conf.
1916 1301 2029 1331 Varro

251 1356 294 1385 de
318 1365 341 1384 r.
366 1365 390 1384 r.
415 1354 474 1387 ΠΙ,
498 1356 516 1384 (j
540 1364 571 1393 p.
596 1355 655 1384 210*
679 1354 766 1393 Rip„
791 1355 914 1384 deinde
938 1354 1113 1389 XVelcken
1138 1353 1273 1385 Griech.
1299 1354 1466 1384 Goetterl.
1491 1354 1533 1388 ΙΙ,
1557 1355 1624 1385 323.

340 1496 385 1525 14.
431 1493 600 1533 Orphicos
626 1500 659 1523 et
680 1493 919 1534 Pythagoreos
944 1504 1042 1524 secus
1066 1501 1169 1534 atque
1192 1495 1366 1525 Platonem
1390 1505 1457 1524 non
1482 1494 1637 1524 omnibus
1661 1494 1839 1524 animabus
1859 1494 1949 1524 idem

400 1548 680 1579 commorationis
703 1549 795 1587 apud
818 1548 945 1578 inferos
970 1549 1117 1588 spatium
1141 1548 1367 1582 constituisse,
1392 1549 1453 1579 sed
1476 1558 1539 1587 pro
1564 1548 1622 1581 eis,
1647 1557 1735 1587 quae
1756 1548 1789 1577 in
1809 1549 1880 1578 vita

717 1603 1009 1636 commeruissem,
1033 1610 1090 1633 aut
1114 1603 1252 1633 brevius
1277 1609 1334 1631 aut
1358 1602 1558 1641 porrectius.

398 1682 496 1712 Haec
512 1682 616 1722 igitur
632 1682 924 1721 philosophorum,
948 1683 1071 1721 quibus
1088 1683 1217 1721 dogma
1233 1683 1275 1711 de
1290 1682 1478 1710 animarum
1491 1681 1696 1720 migratione
1709 1681 1805 1711 cordi
1826 1681 1899 1715 fuit,
1924 1680 2030 1724 effata

252 1736 279 1766 si
303 1737 389 1766 inter
413 1746 450 1766 se
469 1746 719 1775 comparemus,
743 1746 958 1766 communem
982 1746 1100 1767 eorum
1125 1736 1329 1766 sententiam
1353 1735 1440 1764 hanc
1460 1734 1564 1765 fuisse
1589 1740 1748 1774 apparet:
1772 1735 2029 1765 intervallorum

250 1790 338 1819 inter
360 1790 459 1820 binas
482 1790 580 1825 vitas,
613 1790 646 1819 id
671 1796 722 1820 est
744 1790 832 1820 inter
855 1790 954 1820 funus
981 1795 1015 1821 et
1047 1800 1173 1820 novam
1205 1790 1475 1829 generationem,
1510 1789 1765 1819 interiectorum
1799 1790 1912 1829 spatia
1946 1789 2029 1820 satis

251 1844 366 1882 ampla
390 1850 424 1874 et
446 1844 545 1883 larga
569 1844 672 1874 statui
688 1849 859 1883 opertere,
884 1844 1006 1883 quibus
1022 1845 1122 1884 plene
1145 1850 1179 1874 et
1194 1854 1270 1874 cum
1285 1844 1407 1877 usuris,
1432 1844 1525 1883 quod
1541 1844 1644 1878 aiunt,
1668 1853 1783 1874 rerum
1805 1843 1838 1873 in
1855 1843 2033 1883 superiore

250 1898 322 1927 vita
344 1904 496 1928 actarum
527 1899 571 1927 ab
594 1897 771 1928 animabus
806 1898 895 1928 ratio
917 1899 1051 1938 reposci
1074 1899 1235 1937 potuerit.
1286 1898 1362 1928 Hoc
1398 1898 1486 1927 enim
1516 1898 1548 1927 in
1580 1898 1776 1928 universum
1810 1898 1916 1928 totius
1939 1898 2027 1927 illius

251 1952 440 1982 animarum
462 1952 677 1991 migrationis
700 1962 867 1982 summurn
891 1952 1104 1992 propositum
1128 1959 1233 1992 atque
1257 1952 1431 1982 consilium
1454 1951 1526 1984 fuit,
1555 1961 1576 1980 a
1602 1951 1653 1981 dis
1672 1951 1755 1991 ipsis
1778 1951 2028 1981 immortalibus

251 2006 480 2042 constitutum,
508 2012 544 2036 ut
571 2006 744 2046 gradatim
772 2006 906 2036 animae
928 2017 991 2046 per
1014 2007 1152 2036 saecula
1181 2006 1438 2045 progrediendo
1470 2012 1503 2036 et
1531 2015 1664 2045 poenas
1692 2006 1858 2036 solvendo
1887 2011 1957 2035 tam
1984 2007 2028 2035 ab

251 2061 365 2100 prisca
386 2060 444 2090 illa
466 2061 600 2100 peccati
616 2060 809 2100 primigenii
830 2061 930 2100 culpa
947 2061 1239 2100 convalescerent,
1262 2070 1365 2099 quam
1388 2069 1511 2089 omnen
1527 2060 1641 2089 labem
1664 2059 1697 2089 in
1712 2059 1788 2098 ipsa
1804 2059 2029 2098 generatione

251 2122 462 2145 contractam
476 2121 659 2150 exuerent;
682 2115 777 2154 quod
792 2115 935 2154 pulchre
947 2114 1123 2153 Vergilius
1137 2114 1292 2144 elocutus
1303 2120 1355 2144 est
1371 2113 1457 2145 Aen.
1471 2113 1528 2147 VI,
1542 2113 1618 2144 745:
1636 2112 1737 2142 donec
1756 2112 1859 2153 longa
1871 2111 2026 2153 diasper-

240 2168 335 2208 sccfa
359 2168 517 2209 lamporz's
540 2168 613 2198 orbe
635 2168 647 2209 Η
668 2171 851 2198 concrclam
874 2167 998 2198 exem-il
1019 2167 1121 2197 labem
1131 2171 1324 2208 parumque
1346 2166 1512 2208 relinquit
1532 2167 1544 2207 ΙΙ
1565 2166 1753 2196 aetherium
1776 2176 1910 2196 sensum
1936 2168 2033 2207 atque

251 2222 356 2252 amm?
376 2221 543 2263 simplicis
566 2222 689 2263 zgrncm,
715 2229 748 2254 et
772 2223 912 2254 Proclus
936 2223 980 2253 ad
1006 2223 1089 2254 Plat.
1115 2222 1198 2252 Tim.
1217 2222 1258 2261 V,
1281 2222 1360 2253 330³
1383 2221 1428 2261 (p.
1454 2222 1514 2252 802
1537 2222 1605 2252 init.
1629 2222 1682 2252 ed.
1701 2220 1917 2260 Schneider):
1944 2221 2030 2259 φυγὴ

252 2277 380 2308 πάντων
403 2279 467 2307 τῶν
491 2278 524 2307 ἐκ
547 2279 603 2315 τῆς
625 2278 787 2316 γενέσεως
811 2278 882 2315 ἡμῖν
905 2276 1185 2315 προσπεφυκότων
1215 2282 1249 2306 et
1272 2276 1351 2307 ibid.
1374 2275 1472 2307 33⁴]bt
1502 2277 1533 2314 (ἡ
1558 2277 1722 2314 περίοδος)
1752 2278 1861 2307 πᾶσαν
1885 2300 1890 2305 .
1914 2300 1920 2306 .
1943 2301 1949 2306 .
1972 2277 2030 2313 τὴν

250 2332 333 2368 ζωὴν
355 2331 398 2369 εἰς
421 2332 478 2368 τὴν
501 2331 672 2369 εὐδαίμονα
694 2332 894 2370 περιάγουσα
911 2332 994 2368 ζωὴν
1018 2331 1081 2362 ἀπὸ
1097 2334 1154 2369 τῆς
1178 2331 1248 2368 περὶ
1271 2331 1329 2368 τὴν
1345 2332 1471 2367 γένεσιν
1494 2332 1627 2369 πλάνης,
1650 2331 1689 2369 ἦς
1707 2332 1756 2361 καὶ
1773 2331 1802 2361 οἱ
1818 2330 1892 2368 παρ’
1915 2326 2033 2369 Ὀρφεῖ
