2225 3049
305 341 334 371 3.
380 340 623 380 Pythagoreos
646 350 801 370 seorsum
823 341 866 370 ab
893 340 1051 380 Orphicis
1075 341 1249 371 docuisse:
1274 352 1343 372 non
1366 349 1460 372 certa
1481 344 1620 379 scelera,
1645 345 1706 375 sed
1728 345 1881 375 habitum

436 394 623 424 animarum
645 395 782 424 omnino
805 404 950 434 pravom
974 400 1008 425 et
1031 401 1180 425 mentem
1203 406 1223 425 a
1247 395 1359 425 divina
1384 403 1497 426 mente
1520 399 1749 428 abalienatam

510 448 541 478 in
565 457 686 478 caussa
709 447 822 486 fuisse,
846 454 883 478 ut
906 448 1039 478 animae
1063 449 1095 478 in
1118 450 1275 480 mortalia
1296 460 1444 490 corpora
1467 451 1690 483 deicerentur.

352 515 567 555 Pythagorei
580 525 655 545 cum
667 515 701 545 in
712 515 906 545 universum
920 525 995 545 cum
1004 514 1163 553 Orphicis
1176 516 1278 554 plane
1293 517 1509 551 concordent,
1522 522 1636 547 tamen
1649 518 1680 547 in
1691 519 1755 548 hac
1765 529 1802 549 re
1813 519 1857 548 ab
1869 519 1987 549 amicis

200 569 270 599 suis
292 569 482 608 paullulum
497 569 736 599 discesserunt.
769 568 844 608 Qua
867 570 910 599 de
928 578 965 598 re
983 569 1174 599 accuratius
1190 579 1357 608 quaerere
1375 579 1502 608 operae
1521 571 1669 609 pretium
1689 579 1748 603 est.
1773 572 1987 612 Pythagorei

201 623 317 663 igitur,
339 629 509 662 quantum
531 623 667 662 quidem
691 633 709 652 e
726 623 933 662 scriptorum
957 622 1161 653 testimoniis
1184 624 1347 663 colligere
1370 625 1459 663 licet,
1483 634 1551 654 non
1571 626 1614 655 de
1638 627 1739 655 certis
1756 625 1928 656 maleficiis
1952 633 1985 657 et

200 677 392 708 sceleribus
408 677 612 717 cogitarunt,
631 678 702 716 sed,
728 677 762 706 id
778 677 871 716 quod
888 677 1045 707 subtilius
1062 682 1096 707 et
1112 677 1301 716 speciosius
1323 677 1558 717 excogitatum
1579 684 1639 713 est,
1665 679 1856 710 universum
1871 680 1984 719 potius

198 732 333 762 animae
347 732 501 761 habitum
511 731 680 769 vitiosum,
693 741 762 770 quo
777 733 920 762 obsessa
933 742 953 761 a
966 730 1081 760 divina
1095 731 1332 761 communione
1345 732 1528 762 desciverit
1536 738 1569 762 et
1579 742 1732 762 seorsum
1743 733 1805 762 sibi
1820 734 1985 773 sapiendo

197 796 219 815 a
236 796 372 816 summa
389 795 451 816 sua
467 786 576 816 salute
592 796 630 815 se
647 786 852 825 segregarit,
871 785 904 814 in
921 786 1022 824 culpa
1039 784 1145 815 fuisse
1161 791 1361 815 statuerunt.
1399 785 1475 816 Hoc
1491 785 1539 815 ita
1554 786 1788 825 Pythagoreis
1804 788 1983 825 placuisse,

200 850 267 870 non
283 846 352 869 tam
367 840 539 879 colligitur
552 850 596 869 ex
607 839 768 869 Euxithei
782 839 997 879 Pythagorei
1015 838 1170 878 pauculis
1193 848 1275 868 sane
1292 839 1416 873 verbis,
1443 849 1532 878 quae
1548 839 1700 870 servavit
1714 839 1916 871 Athenaeus
1934 841 1985 871 IV

197 904 230 933 p.
246 894 303 924 157
313 899 338 924 ⁰:
362 894 513 931 Εὐξίθεος
525 894 543 924 ὁ
555 894 778 932 Πυθαγορικὸς
793 919 798 924 .
811 893 951 930 ..ἔλεγεν
964 894 1150 924 ἐνδεδέσθαι
1163 896 1207 933 τῷ
1221 893 1343 929 σώματι
1359 894 1409 923 καὶ
1425 897 1468 933 τῷ
1486 896 1560 933 τῇδε
1575 895 1630 934 βίῳ
1644 894 1702 932 τὰς
1716 894 1865 925 ἁπάντων
1878 896 1983 933 ψυχὰς

197 948 348 986 τιμωρίας
365 947 466 986 χάριν,
488 957 591 986 quam
604 948 682 978 inde
695 947 819 987 potius,
836 948 929 986 quod
939 947 1041 976 Plato
1055 946 1366 986 Pythagoreorum,
1375 957 1461 986 quos
1472 948 1714 987 magistrorum
1727 948 1834 978 instar
1847 950 1983 988 saepius

197 1002 287 1036 colit,
304 1001 454 1040 vestigia
469 1011 638 1040 premens,
663 1002 696 1031 in
713 1002 873 1032 Phaedro
890 1012 922 1040 p.
938 1002 1017 1032 2480
1032 1001 1248 1040 pravitatem,
1267 1000 1449 1040 ignaviam.
1473 1008 1651 1031 veternum
1668 1002 1702 1031 id
1720 1001 1856 1032 efficere
1872 1003 1984 1032 solere

197 1056 290 1091 dicit,
314 1062 351 1085 ut
375 1056 508 1085 animae
530 1055 728 1095 pinguiores
750 1062 784 1086 et
799 1055 1070 1095 ponderosiores
1093 1053 1184 1089 fiant,
1208 1054 1366 1093 pinnulas
1390 1054 1555 1089 amittant,
1581 1056 1728 1095 denique
1754 1057 1796 1085 de
1820 1056 1916 1086 caelo
1941 1057 1986 1086 ad

195 1116 323 1140 terram
342 1109 512 1140 accidant:
537 1110 615 1140 ὅταν
632 1111 666 1140 δὲ
685 1109 916 1147 ἀδυνατήσασα
934 1110 1127 1140 ἐπισπέσθαι
1143 1110 1181 1146 μὴ
1195 1108 1257 1149 ἴδῃ,
1274 1109 1324 1139 καί
1336 1119 1393 1140 τινι
1407 1110 1559 1149 συντυχίᾳ
1572 1111 1755 1148 χρησαμένη
1770 1111 1870 1148 λήθης
1880 1120 1914 1141 τε
1931 1111 1982 1140 καὶ

196 1164 306 1201 κακίας
327 1165 506 1201 πλησθεῑσα
531 1166 677 1203 βαρυνθῇ,
701 1165 895 1202 βαρυνθεῖσα
918 1165 953 1194 δὲ
975 1164 1197 1203 πτερορρυήσῃ
1222 1173 1255 1194 τε
1273 1164 1323 1193 καὶ
1346 1164 1396 1194 ἐπὶ
1420 1164 1476 1201 τὴν
1497 1165 1556 1200 γῆν
1570 1164 1662 1204 πέσῃ,
1692 1165 1764 1195 τότε
1789 1165 1890 1202 νόμος
1915 1189 1921 1194 .
1945 1189 1951 1194 .
1977 1188 1984 1194 .

201 1217 301 1247 Hunc
324 1217 427 1257 igitur
452 1217 485 1247 in
508 1219 647 1247 modum
670 1218 698 1248 si
719 1217 974 1257 Pythagoreos,
1006 1228 1160 1248 seorsum
1184 1219 1228 1248 ab
1252 1217 1411 1257 Orphicis
1435 1218 1630 1257 sentientes,
1654 1219 1841 1248 animarum
1873 1229 1892 1249 e
1915 1219 1986 1249 vita

199 1272 342 1301 caelesti
365 1272 566 1302 descensum
590 1272 654 1301 sibi
676 1270 818 1302 finxisse
846 1278 880 1302 et
902 1272 1092 1302 illustrasse
1121 1278 1323 1303 statuamus:
1358 1278 1394 1302 ut
1416 1282 1483 1302 non
1513 1272 1652 1302 crimina
1675 1279 1709 1303 et
1733 1273 1858 1303 delicta
1881 1278 1984 1309 certa,

198 1325 261 1356 sed
281 1335 376 1355 mens
401 1331 434 1355 et
450 1326 608 1355 voluntas
625 1336 644 1355 a
658 1325 772 1355 divina
788 1331 903 1356 mente
920 1331 954 1355 et
974 1326 1151 1356 voluntate
1168 1326 1363 1356 abalienata
1380 1326 1550 1357 vinculum
1567 1327 1649 1356 illud
1671 1327 1820 1357 caeleste
1836 1327 1984 1357 laxarint

198 1386 233 1410 et
256 1380 386 1410 animas
410 1380 442 1410 in
465 1380 562 1410 huius
585 1386 697 1411 terrae
721 1381 841 1410 sordes
863 1381 1085 1415 detruserint,
1121 1380 1222 1410 facile
1250 1380 1317 1410 iam
1340 1386 1433 1411 recte
1455 1382 1628 1411 aestimari
1652 1388 1686 1412 et
1708 1391 1784 1412 cum
1804 1382 1871 1411 hoc
1894 1381 1982 1420 prin-

195 1434 284 1473 cipio
311 1434 485 1465 conciliari
508 1441 670 1474 poterunt
693 1435 759 1464 alia
783 1435 955 1474 quaedam
977 1434 1172 1465 testimonia
1201 1435 1244 1464 de
1265 1434 1567 1474 Pythagoreorum
1599 1436 1688 1466 circa
1712 1435 1901 1465 animarum
1924 1445 1983 1464 na-

195 1493 308 1518 turam
331 1494 366 1518 et
388 1487 460 1518 fata
483 1488 619 1527 placita,
642 1488 766 1528 quibus
790 1489 1026 1528 potissumum,
1056 1498 1144 1528 quae
1165 1488 1252 1518 ratio
1277 1488 1399 1518 animis
1429 1489 1585 1519 humanis
1608 1499 1685 1519 cum
1708 1488 1842 1519 numine
1867 1488 1983 1518 divino

196 1542 285 1572 ratio
301 1542 511 1582 intercedat,
536 1543 734 1573 illustratur.
772 1542 864 1573 Rem
887 1543 1016 1582 optime
1032 1543 1198 1581 explanat
1220 1543 1316 1572 locus
1341 1543 1434 1582 apud
1451 1542 1650 1573 Ciceronem
1667 1542 1738 1574 Cat.
1754 1542 1830 1574 mai.
1854 1543 1903 1578 21,
1928 1543 1985 1573 78:

193 1595 369 1626 audiebam
394 1596 618 1636 erlmgoram
641 1595 929 1637 I‘Jrllzogorcosqnc
944 1622 950 1628 .
965 1622 971 1628 .
984 1621 990 1626 .
1006 1606 1178 1637 nunquam
1194 1596 1371 1629 dubz'lassc.
1394 1596 1479 1637 quin
1495 1607 1538 1627 fx
1553 1597 1715 1627 universa
1736 1599 1843 1626 mense
1863 1595 1986 1626 divina

193 1649 354 1680 delz'baz‘os
379 1649 512 1680 animos
533 1650 734 1681 haberemus.
781 1650 911 1681 Eadem
936 1651 1105 1681 sententia
1131 1661 1173 1681 ex
1193 1650 1412 1681 refutationis
1435 1659 1561 1682 conatu
1583 1653 1694 1682 elucet
1712 1652 1779 1682 Cic.
1803 1652 1894 1681 deor.
1916 1657 1984 1681 nat.

193 1705 219 1740 I,
246 1706 294 1740 ll,
315 1705 368 1736 27:
393 1715 470 1734 nam
494 1704 710 1745 &Magoras
741 1703 804 1745 qui
831 1704 965 1734 censuit
985 1704 1138 1735 animum
1160 1714 1229 1735 esse
1252 1708 1316 1745 per
1338 1707 1496 1734 volutam
1524 1715 1638 1735 rerum
1667 1715 1795 1735 omnem
1818 1703 1986 1735 infensum

194 1761 228 1789 cl
248 1761 489 1794 commeanlcm,
513 1768 556 1788 cx
579 1769 642 1799 qm)
665 1758 777 1788 animi
797 1758 909 1788 nostri
926 1761 1153 1799 [ανρενεΙιΙι-ιν,
1177 1770 1243 1789 non
1259 1758 1357 1794 r-z'dz’f,
1380 1759 1597 1790 dz'slraclz'onc
1612 1762 1833 1790 humanorum
1856 1758 1985 1789 animo—

195 1823 271 1843 rum
294 1811 444 1853 discerpi
464 1814 496 1842 cl
517 1812 665 1842 lacerari
681 1813 789 1843 deum.
836 1812 934 1852 Quae
957 1820 1076 1844 contra
1100 1814 1142 1844 de
1167 1815 1288 1844 eadem
1313 1824 1349 1843 re
1373 1815 1466 1853 apud
1488 1814 1681 1853 Diogenem
1697 1814 1873 1844 Laertium
1888 1813 1987 1852 VIII,

199 1868 228 1905 ξ.
252 1868 291 1898 25
314 1873 351 1897 ut
363 1867 587 1907 Pythagorea
609 1868 799 1902 traduntur,
823 1878 889 1897 non
907 1867 990 1897 satis
1005 1867 1141 1907 integra
1153 1874 1239 1903 sunt,
1265 1869 1325 1898 sed
1342 1868 1466 1898 Stoicis
1489 1869 1623 1908 placitis
1638 1868 1843 1907 interpolata
1859 1868 1983 1906 πρόσθε

193 1922 286 1961 λέων,
309 1921 421 1952 ὄπιθεν
445 1923 479 1952 δὲ
504 1922 637 1960 δράκων,
663 1923 765 1960 μέσση
791 1923 826 1952 δὲ
853 1922 991 1960 χίμαιρα,
1020 1922 1113 1961 quod
1136 1921 1236 1952 facile
1265 1922 1347 1961 ipsis
1376 1922 1490 1952 verbis
1513 1922 1676 1962 inspectis
1700 1922 1880 1961 unicuique
1902 1931 1981 1960 pro-

192 1976 344 2006 babitur:
368 1976 448 2007 εἶναι
472 1977 506 2007 δὲ
529 1977 586 2014 τὴν
608 1978 713 2014 ψυχὴν
737 1976 941 2014 ἀπόσπασμα
966 1976 1115 2014 αἰθέρος.
1133 2001 1139 2007 .
1158 2002 1163 2007 .
1179 1977 1344 2015 διαφέρειν
1360 1987 1392 2007 τε
1409 1977 1515 2015 ψυχὴν
1539 1979 1638 2015 Ζωῆς·
1663 1976 1825 2007 ἀθάνατόν
1849 1986 1883 2007 τε
1901 1975 1983 2006 εἶναι

192 2031 301 2068 αὐτὴν,
326 2031 495 2068 ἐπειδήπερ
518 2031 568 2061 καὶ
593 2032 629 2061 τὸ
653 2030 708 2069 ἀφ’
733 2030 771 2061 οὗ
796 2030 1003 2061 ἀπέσπασται
1026 2030 1188 2062 ἀθάνατόν
1212 2031 1308 2062 ἐστιν.

298 2135 326 2165 4.
370 2134 540 2165 Pindarus
563 2145 622 2165 cur
644 2136 783 2166 tandem
809 2135 988 2175 dogmatis
1011 2135 1054 2165 de
1077 2135 1266 2164 animarum
1289 2134 1494 2174 migratione
1516 2134 1707 2174 paradoxis
1730 2134 1880 2164 minume

541 2189 726 2219 deterritus
749 2189 951 2229 principalia
975 2189 1046 2219 eius
1071 2188 1176 2219 effata
1199 2189 1354 2219 studiose
1377 2189 1558 2228 amplexus
1581 2189 1634 2220 sit.

345 2255 413 2286 Sed
440 2256 507 2286 iam
530 2256 557 2286 si
585 2257 628 2286 ab
651 2256 724 2287 istis
753 2257 950 2286 minusculis
974 2256 1202 2296 Orphicorum
1229 2262 1264 2286 et
1291 2256 1592 2296 Pythagoreorum
1621 2256 1861 2296 discrepantiis
1890 2266 1978 2286 nunc

193 2308 421 2346 discedamus
451 2310 533 2349 quid
556 2310 589 2340 in
612 2311 808 2341 universum
833 2312 875 2340 de
903 2310 1036 2340 illorum
1059 2310 1274 2349 gravissimis
1297 2310 1390 2340 hisce
1412 2310 1545 2349 placitis
1573 2310 1808 2340 censebimus?
1855 2309 1979 2339 Nonne
