2225 3049
1075 205 1126 235 IV

213 313 378 341 derentur.
419 306 490 335 Iam
522 305 601 334 inde
624 304 883 334 inexorabiliter
912 304 1078 334 sancitum
1103 313 1189 338 esse,
1225 308 1261 333 ut
1292 313 1359 333 non
1389 303 1486 333 unius
1516 303 1608 333 vitae
1632 303 1744 342 spatio
1769 309 1803 333 et
1825 304 1992 334 curriculo

210 371 369 403 percurso
393 360 570 389 animabus
593 358 636 387 ad
659 359 845 388 caelestem
870 359 1037 398 originem
1062 367 1158 386 suam
1175 357 1306 387 reditus
1328 362 1473 396 pateret,
1497 357 1558 387 sed
1580 362 1616 387 ut
1638 367 1701 396 per
1723 357 1829 387 multa
1852 358 1990 387 saecula

209 415 396 454 migrand0‚
421 413 486 442 alia
509 422 645 451 semper
674 417 776 451 atque
799 412 866 442 alia
890 422 1036 451 corpora
1053 411 1257 441 introeundo
1282 421 1397 441 errare
1419 412 1577 445 debeant,
1602 411 1712 441 donec
1734 416 1919 450 postremo,
1944 410 1993 440 fa-

208 477 318 499 torum
338 469 421 497 orbe
444 466 608 502 confecto,
640 467 668 496 si
698 467 801 496 modo
827 466 882 505 pie
912 466 1069 504 iusteque
1099 465 1247 495 vivendo
1277 465 1425 504 priscam
1454 464 1545 494 illam
1569 465 1703 504 culpam
1727 475 1747 494 a
1771 465 1878 504 stirpe
1901 465 1993 495 evol-

210 523 312 553 serint
337 527 370 551 et
393 520 546 555 eluerint,
570 521 614 550 ad
640 526 802 550 aeternas
827 520 902 549 illas
919 520 1020 549 sedes
1038 518 1215 558 adspirare
1239 519 1288 548 eis
1304 518 1414 553 liceat,
1437 519 1527 548 unde
1550 518 1641 548 nullo
1665 528 1813 558 unquam
1837 524 1994 557 tempore

207 577 361 607 exiturae
386 575 460 606 sint.

353 718 381 747 2.
426 716 641 756 Expenditur
664 715 830 754 placitum
854 714 935 743 illud
959 713 1207 744 clarissumum:
1235 713 1366 743 animas
1389 718 1526 743 nostras
1548 718 1692 752 propter
1716 714 1847 744 scelera

582 770 614 799 in
638 769 815 808 superiore
838 769 909 798 vita
933 773 1094 806 suscepta
1118 767 1150 796 in
1174 768 1239 797 hac
1262 767 1334 797 vita
1357 777 1488 806 poenas
1510 768 1614 798 luere.

355 849 454 879 Multi
478 854 555 878 sunt
578 847 763 886 scriptores
780 847 921 886 antiqui,
943 847 1000 886 qui
1024 852 1128 886 prout
1152 857 1271 877 eorum
1296 846 1471 886 ingenium
1494 846 1564 886 fuit,
1588 852 1647 877 aut
1669 858 1745 877 cum
1769 847 1859 878 dulci
1879 848 1993 887 aliquo

206 905 308 939 luctu,
335 909 392 933 aut
416 903 599 933 frementes
623 907 656 931 et
679 901 930 940 indignabundi
951 900 1176 940 praecipitem
1190 901 1282 930 illum
1307 901 1494 930 animarum
1518 911 1562 930 ex
1583 902 1679 931 caelo
1703 901 1736 930 in
1758 902 1858 931 huius
1880 906 1994 931 terrae

208 959 365 996 angulum
390 959 589 987 descensum
614 961 825 985 enarrarunt.
871 954 964 985 Satis
987 955 1067 984 mite
1092 960 1124 984 et
1147 955 1268 985 leniter
1291 956 1398 984 verba
1420 954 1527 984 fluunt
1550 956 1641 994 apud
1665 955 1864 986 Ciceronem
1886 955 1920 985 in
1943 955 1992 985 lu-

206 1013 342 1042 culento
375 1010 547 1040 Hortensii
585 1009 713 1049 dialogi
745 1009 943 1048 fragmento
979 1009 1070 1048 apud
1101 1008 1265 1039 Orellium
1298 1010 1348 1040 ed.
1378 1009 1420 1047 ΙΙ,
1446 1009 1512 1040 νο1.
1537 1008 1596 1044 IV,
1629 1019 1660 1048 p.
1683 1010 1744 1040 986
1767 1009 1901 1049 (fragm.
1925 1008 1992 1048 90):

207 1067 265 1096 Ex
286 1065 406 1106 quibus
429 1064 595 1093 lzmzmmzc
617 1062 706 1092 visae
729 1062 901 1092 erroribus
924 1064 956 1091 ct
977 1061 1217 1102 acmmmisfif,
1241 1063 1280 1090 nl
1302 1060 1472 1091 interdum
1490 1063 1614 1091 veteres
1639 1060 1781 1092 z‘llz'sz'vc
1802 1064 1901 1097 vales,
1924 1061 1995 1091 sive

207 1119 244 1149 sn
268 1118 374 1148 sacm's
398 1117 577 1158 im'fz‘ssquc
601 1116 777 1146 lradcndss
799 1115 940 1146 divinae
963 1115 1084 1145 mentis
1108 1114 1314 1156 z'llferprcfcs,
1344 1115 1407 1156 qus
1426 1125 1484 1145 llos
1507 1115 1542 1145 ob
1565 1114 1680 1156 aliqua
1703 1115 1825 1145 scelera
1846 1118 1993 1156 suscepta

208 1172 244 1202 sn
268 1171 338 1201 w'fa
362 1171 536 1212 sujicrz‘arc
553 1174 740 1211 paruarum
768 1170 969 1200 luendarum
986 1180 1102 1199 caussa
1121 1172 1214 1199 alalos
1234 1179 1301 1199 csse
1315 1168 1488 1204 dlssrcrzlllf,
1513 1168 1651 1210 aliquid
1661 1168 1788 1199 vidisse
1803 1169 1993 1202 videantur.

206 1227 316 1256 Multo
339 1225 532 1256 iracundius
557 1232 590 1255 et
614 1235 744 1255 summo
775 1225 877 1254 animi
901 1225 1020 1255 dolore
1042 1224 1272 1264 Empedocles
1300 1229 1426 1254 sortem
1460 1234 1556 1254 suam
1580 1225 1748 1263 deplorat,
1772 1234 1840 1263 qua
1862 1230 1994 1255 suamet

206 1281 334 1311 scilicet
360 1281 533 1319 quondam
556 1280 657 1319 culpa
681 1290 725 1310 ex
743 1280 883 1310 sedibus
903 1280 1043 1309 deorum
1059 1279 1093 1308 in
1116 1279 1215 1308 huius
1235 1284 1348 1309 terrae
1373 1271 1531 1308 miserias
1554 1284 1589 1308 et
1613 1278 1751 1308 exilium
1772 1278 1925 1308 deiectus
1942 1278 1993 1310 sit.

206 1336 369 1374 Deorum,
392 1335 440 1364 ita
456 1336 512 1369 ait,
535 1335 702 1364 habemus
720 1335 903 1367 decretum,
930 1333 1152 1363 sanctissimis
1176 1332 1350 1372 suffragiis
1374 1332 1649 1362 irrevocabiliter
1672 1332 1793 1362 fixum:
1817 1339 1854 1363 ut
1876 1333 1914 1366 is,
1937 1333 1996 1372 qui

209 1391 242 1420 in
265 1390 323 1419 illo
348 1389 489 1419 caelesti
513 1389 656 1419 concilio
680 1389 789 1418 atroci
816 1398 853 1417 se
881 1398 984 1420 noxa.
1014 1388 1121 1418 caede
1142 1393 1201 1416 aut
1224 1387 1374 1426 periurio
1396 1387 1567 1426 polluerit,
1599 1387 1627 1416 is
1650 1397 1712 1426 per
1735 1386 1877 1426 triginta
1900 1387 1994 1417 milia

207 1454 371 1474 annorum
394 1443 489 1473 varia
513 1453 659 1482 corpora
683 1443 889 1473 introeundo
913 1442 945 1472 in
961 1449 1054 1472 terra
1078 1442 1158 1472 exul
1173 1441 1423 1481 peregrinetur.
1475 1441 1672 1480 Empedocl.
1695 1442 1765 1480 περὶ
1780 1442 1910 1480 φύσεως
1931 1442 1988 1472 v.]

208 1499 358 1537 (Fragm.
382 1497 503 1537 philos
521 1496 579 1527 Gr.
599 1498 650 1527 ed.
666 1497 827 1535 Mullach,
850 1496 959 1527 Paris.
978 1497 1067 1534 1875,
1091 1496 1106 1526 I
1128 1507 1160 1536 p.
1188 1495 1230 1534 1):
1255 1496 1342 1526 ἔστιν
1359 1495 1497 1534 ἀνάγκης
1521 1499 1634 1534 χρῆμα,
1658 1497 1740 1527 θεῶν
1763 1497 1914 1534 ψήφισμα
1936 1506 1995 1527 πα-

208 1553 306 1587 λαιόν,
322 1553 333 1591 Η
349 1552 460 1591 ἀίδιον,
486 1552 659 1582 πλατέεσσι
684 1551 1004 1589 κατεσφρηγισμένον
1029 1551 1146 1589 ὅρκοις,
1162 1550 1174 1590 Η
1190 1550 1261 1581 εὖτέ
1283 1561 1330 1588 τις
1352 1550 1547 1591 ἀμπλακίῃσι
1570 1550 1663 1590 φόνῳ
1687 1550 1765 1588 φίλα
1780 1552 1853 1587 γυῖα
1875 1551 1966 1591 μιήνῃ
1983 1549 1995 1590 Η

208 1607 312 1644 αὔτως
344 1608 361 1644 ἢ
392 1606 541 1644 ἐπίορκον
572 1606 759 1643 ἁμαρτήσας
795 1604 1003 1645 ἐπομόσσῃ,Η
1021 1606 1150 1643 δαίμων,
1188 1605 1253 1636 οἵτε
1287 1605 1365 1643 βίοιο
1399 1605 1570 1642 λελόγχασι
1603 1604 1812 1642 μακραίωνος,
1827 1603 1839 1643 {l
1854 1604 1921 1642 τρίς
1945 1615 1995 1642 μιν

207 1662 318 1699 μυρίας
342 1660 429 1699 ὧρας
453 1660 515 1691 ἀπὸ
540 1661 689 1698 μακάρων
713 1660 900 1697 ἀλαλῆσθαι.
915 1659 926 1699 Η
942 1660 1128 1697 γεινόμενον
1151 1661 1288 1690 παντοῖα
1311 1660 1361 1690 διὰ
1387 1659 1504 1697 χρόνου
1528 1659 1616 1690 εἴδεα
1639 1660 1773 1696 θνητῶν.
1817 1658 1894 1689 Hae
1915 1659 1995 1698 lege

208 1726 244 1745 se
268 1715 378 1754 ipsum
402 1724 538 1754 quoque
561 1724 649 1744 nune
672 1714 705 1743 in
729 1719 842 1744 terrae
858 1714 960 1743 exilio
984 1713 1104 1744 iactari
1128 1723 1169 1743 ac
1193 1723 1300 1753 saepe
1323 1713 1390 1742 iam
1412 1713 1445 1742 in
1464 1712 1581 1742 varias
1602 1711 1732 1751 figuras
1755 1711 1934 1751 migrasse,
1958 1717 1995 1742 ut

208 1778 275 1799 non
298 1769 350 1798 vir
373 1774 508 1798 tantum
532 1775 565 1798 et
589 1768 718 1801 mulier,
743 1769 804 1798 sed
827 1773 863 1797 ut
889 1767 1004 1797 frutex
1030 1768 1141 1800 etiam.
1169 1766 1292 1797 deinde
1319 1766 1401 1801 avis,
1425 1772 1601 1806 postremo
1626 1765 1729 1805 piscis
1756 1765 1870 1803 fuerit3
1904 1776 1933 1796 v.
1956 1766 1994 1796 9:

207 1823 252 1860 ὡς
276 1824 326 1853 καὶ
349 1823 412 1859 ἐγὼ
436 1824 492 1853 νῦν
515 1822 573 1860 εἰμι
597 1823 703 1860 φυγὰς
728 1822 840 1853 θεόθεν
864 1822 913 1852 καὶ
937 1822 1066 1860 ἀλήτης,
1082 1821 1200 1861 Ηνείκεῑ
1220 1822 1401 1862 μαινομένῳ
1423 1821 1559 1858 πίσυνος
1577 1845 1583 1851 .
1601 1847 1606 1852 .
1622 1846 1628 1851 .
1646 1820 1657 1860 Ι]
1673 1820 1732 1858 ἤδη
1755 1820 1815 1859 γάρ
1838 1820 1909 1852 ποτ’
1932 1821 1994 1857 ἐγὼ

206 1877 345 1915 γενόμην
368 1877 485 1915 κοῦρός
508 1887 541 1908 τε
566 1877 642 1915 κόρη
666 1887 700 1908 τε
723 1877 734 1915 Η
756 1877 877 1914 θάμνος
901 1877 927 1907 τ’
951 1876 1069 1914 οἰωνός
1087 1886 1120 1906 τε
1143 1876 1193 1906 καὶ
1217 1875 1262 1906 εἰν
1279 1875 1330 1905 ἁλὶ
1353 1874 1492 1912 ἔλλοπος
1508 1874 1602 1912 ἰχθύς.
1649 1874 1790 1913 Orphici
1805 1874 1921 1913 qualia
1937 1874 1995 1905 illa

208 1931 347 1961 crimina
372 1936 406 1961 et
428 1931 610 1960 malefacta
631 1930 819 1970 superioris
846 1931 937 1960 vitae
959 1930 1023 1960 sibi
1046 1929 1216 1962 finxerint,
1239 1929 1331 1958 nullo
1357 1934 1452 1959 certo
1477 1928 1674 1958 testimonio
1698 1934 1847 1967 constat;
1882 1939 1937 1959 res
1960 1928 1994 1958 in

210 1985 403 2015 universum
427 1990 568 2023 tantum,
602 1990 766 2024 tanquam
794 1995 862 2015 non
894 1984 946 2014 fas
970 1985 1012 2014 sit
1037 1983 1151 2014 omnia
1174 1982 1289 2022 eloqui
1320 1983 1375 2013 vel
1399 1983 1485 2013 scire
1510 1983 1608 2017 velle,
1640 1982 1806 2012 extremis
1828 1982 1926 2012 lineis
1950 1982 1994 2012 ab

210 2038 258 2068 eis
282 2039 513 2070 adumbratur.
563 2039 663 2069 Plato
687 2039 719 2068 in
746 2038 887 2078 Cratylo
911 2049 944 2078 p.
967 2040 1060 2069 400⁰:
1091 2039 1223 2069 δοκοῦσι
1325 2037 1436 2068 θέσθαι
1465 2036 1494 2068 oi
1523 2036 1602 2075 ἀμφὶ
1625 2036 1751 2074 Ὀρφέα
1768 2062 1774 2068 .
1792 2061 1797 2066 .
1815 2061 1821 2067 .
1837 2037 1882 2075 ὡς
1905 2037 1994 2074 δίκην

208 2094 361 2131 διδούσης
384 2096 441 2132 τῆς
465 2096 579 2132 ψυχῆς,
604 2093 649 2125 ὧν
673 2095 711 2131 δὴ
737 2094 829 2125 ἕνεκα
853 2094 973 2125 δίδωσι.
1019 2092 1182 2124 Similiter
1199 2101 1271 2121 rem
1294 2091 1327 2120 in
1351 2091 1497 2121 diluculo
1514 2090 1674 2130 relinquit
1690 2090 1896 2121 Iamblichus
1912 2090 1994 2120 Pro-

209 2147 354 2186 treptico
379 2148 407 2181 S,
431 2157 463 2186 p.
490 2148 548 2178 134
571 2149 637 2184 (ed.
663 2147 853 2187 Kiessling,
877 2147 969 2186 Lips.
996 2147 1088 2184 1813)
1114 2147 1157 2176 de
1181 2145 1356 2184 Orphicis:
1387 2145 1480 2183 εὐθὺς
1504 2145 1601 2182 φύσει
1624 2144 1828 2182 συνίσταμεν,
1852 2144 1994 2182 καθάπερ

206 2202 288 2239 φασὶ
311 2201 339 2231 οἱ
374 2202 430 2240 τὰς
455 2202 584 2240 τελετὰς
609 2202 768 2240 λέγοντες.
803 2202 911 2239 ὥσπερ
936 2202 974 2232 ἂν
1003 2203 1054 2233 ἐπὶ
1077 2201 1210 2241 τιμωρίᾳ
1234 2200 1363 2238 πάντες.
1408 2202 1503 2230 τοῦτο
1539 2200 1599 2237 γὰρ
1623 2201 1709 2230 θεῖον
1742 2199 1770 2230 0‘1
1794 2198 1996 2237 ἀρχαιότεροι

209 2255 347 2291 λέγουσι,
379 2256 415 2286 τὸ
439 2255 546 2293 φάναι,
571 2256 692 2286 διδόναι
715 2256 772 2293 τὴν
796 2256 902 2294 ψυχὴν
926 2257 1077 2295 τιμωρίαν
1106 2256 1156 2286 καὶ
1183 2257 1238 2293 Ζῆν
1267 2256 1349 2294 ἡμᾶς
1373 2255 1424 2286 ἐπὶ
1447 2254 1577 2285 κολάσει
1606 2254 1753 2292 μεγάλων
1781 2255 1875 2284 τινῶν
1897 2253 1998 2292 ἁμαρ-

209 2320 363 2347 τηματων.
