2225 3049
1012 210 1100 240 XIII

168 309 214 347 εἰς
237 311 331 348 ἕτερα
354 311 488 347 σώματα
515 311 714 347 ἐνδυνουσας
738 309 963 344 ἀνανεοῦσθαι,
985 307 1070 337 ὥστε
1085 307 1159 337 ὅσοι
1178 308 1234 344 μὲν
1257 308 1336 345 ὑπὲρ
1358 311 1417 346 γῆς
1441 308 1532 347 ὄντες
1556 312 1785 348 ἐπλημμέλουν,
1807 311 1942 348 τούτους

167 364 202 395 ἐν
224 363 336 394 Ἅιδου
359 363 451 401 δίκην
475 363 609 400 ὑπέχειν,
644 362 718 393 ὅσοι
748 364 783 393 δὲ
817 362 975 393 ἀνάπαλιν
1008 361 1042 391 ἐν
1064 361 1176 391 Ἅιδου
1201 361 1438 398 ἐνεωτέρυυσαν,
1473 363 1551 400 ὑπὲρ
1584 366 1642 402 γῆς
1673 365 1830 401 γινόμενοι
1854 365 1942 402 δίκας

167 418 315 449 τίνουσιν.
363 416 447 446 Cum
470 417 575 456 igitur
604 422 740 446 constet
762 416 948 446 Pindarum
977 415 1144 450 docuisse,
1179 414 1415 445 defunctorum
1444 415 1573 446 animas
1596 418 1628 447 in
1651 418 1736 448 locis
1758 418 1942 449 inferorum

169 477 203 501 et
225 481 329 511 posse
352 471 552 510 delinquere
576 477 609 500 et
643 471 763 505 solere,
795 470 861 500 iam
885 469 1059 508 quomodo
1091 469 1125 498 id
1157 468 1231 499 fieri
1253 469 1408 508 potuisse
1431 468 1599 499 Pindarus
1632 472 1695 500 sibi
1721 472 1941 510 persuaserit,

167 525 354 555 eruendum
379 530 440 554 est.
484 524 523 554 Id
547 531 583 554 ut
606 524 662 553 via
685 530 719 554 et
741 524 874 554 ratione
897 521 1015 562 perfici
1037 523 1154 561 possit,
1179 523 1389 553 redeundum
1411 533 1499 552 nunc
1521 524 1707 563 paullisper
1724 531 1775 554 est
1799 527 1843 555 ad
1867 536 1942 555 eam

166 578 403 618 quaestionem
426 579 522 608 unde
546 578 695 618 digressi
718 587 846 607 sumus:
881 577 963 616 quid
985 576 1199 616 Pythagorei
1230 577 1272 607 de
1295 577 1553 606 intervallorum
1575 577 1715 616 illorum,
1745 589 1833 618 quae
1856 580 1942 609 inter

167 633 252 662 duas
285 631 376 661 vitas
413 631 614 671 interposita
652 637 737 671 sunt,
773 630 1008 670 magnitudine
1043 631 1228 661 docuerint.
1273 630 1370 661 Haec
1399 640 1482 660 vero
1511 631 1668 670 quaestio
1697 633 1804 662 omnis
1826 633 1943 663 nititur

170 685 423 715 iucundissimis
447 691 481 715 et
502 685 711 714 suam'ssimis
735 685 799 714 illis
823 684 1084 714 narrationibus.
1108 685 1230 724 quibus
1246 685 1352 724 ipsius
1368 685 1603 725 Pythagorae,
1627 686 1764 715 scholae
1782 687 1942 725 parentis,

168 739 313 769 iteratae
338 738 579 778 generationes
615 745 648 768 et
681 739 714 768 in
736 739 910 768 hominum
935 738 1145 768 consortium
1177 739 1390 769 reversiones
1413 750 1433 768 a
1455 739 1631 778 discipulis
1658 739 1734 778 ipso
1758 740 1823 768 iam
1846 750 1942 779 prae-

170 800 274 823 eunte
299 799 489 823 exornatae
506 798 592 823 sunt.
616 793 672 823 De
689 793 737 823 eis
759 793 865 832 igitur
888 792 969 831 quid
993 798 1128 822 veteres
1150 792 1362 830 tradiderint,
1387 793 1652 823 examinandum
1675 802 1763 822 nunc
1787 792 1857 822 erit.

306 933 352 963 11.
395 933 694 972 Pythagoreorum
719 934 762 962 de
786 933 889 962 rebus
914 932 1006 971 apud
1029 932 1156 962 interos
1180 933 1306 971 placita
1330 934 1458 972 optime
1483 933 1628 972 cognoci
1652 942 1670 962 e
1693 931 1816 962 fabulis

400 987 442 1016 de
466 987 597 1017 iteratis
618 986 841 1026 Pythagorae
864 985 1154 1025 generationibus.
1200 987 1254 1016 De
1278 987 1387 1026 prima
1411 987 1481 1017 eius
1505 987 1536 1016 in
1559 988 1624 1016 hac
1647 986 1718 1016 vita

592 1040 873 1075 commoratione,
897 1050 965 1079 qua
988 1040 1193 1070 Aethalides
1218 1041 1424 1080 Argonauta
1446 1040 1517 1070 fuit.

319 1120 372 1151 Ac
395 1120 617 1159 Pythagoras
640 1119 778 1158 quidem
802 1119 928 1149 ceteris
958 1120 1158 1149 mortalibus
1190 1130 1231 1149 ea
1259 1129 1295 1149 re
1318 1120 1532 1159 praestabat,
1557 1121 1651 1159 quod
1674 1119 1844 1155 Mercurii,
1867 1124 1947 1150 ante

171 1175 278 1204 multa
308 1174 447 1204 saecula
479 1173 512 1203 in
535 1173 644 1212 prima
675 1173 900 1212 generatione
923 1173 1032 1211 patris
1056 1173 1116 1207 sui,
1150 1172 1249 1206 donO,
1284 1172 1393 1210 qualis
1417 1178 1451 1202 et
1472 1173 1529 1212 qui
1552 1179 1630 1203 ante
1663 1173 1750 1203 hanc
1780 1172 1886 1202 vitam
1914 1178 1948 1202 et

173 1229 272 1259 vivus
299 1236 333 1258 et
357 1233 509 1258 mortuus
534 1227 614 1257 olim
638 1227 766 1266 fuisset,
790 1228 881 1257 clare
906 1232 940 1257 et
963 1227 1122 1256 distincte
1138 1225 1399 1264 recordabatur;
1424 1226 1629 1257 Iamblichus
1646 1227 1717 1256 vita
1732 1227 1833 1266 Pyth.
1849 1227 1874 1265 ξ.
1891 1227 1946 1257 63:

171 1283 344 1319 ἐγίγνωσκε
367 1282 444 1319 τοὺς
468 1282 646 1319 προτέρους
662 1282 778 1312 ἑαυτοῦ
799 1281 895 1319 βίους.
919 1280 1022 1320 Diog.
1037 1280 1094 1310 La.
1111 1280 1178 1309 VH
1199 1282 1225 1318 ξ.
1242 1281 1278 1309 4:
1301 1282 1405 1310 Ζῶντα
1428 1281 1479 1310 καὶ
1501 1282 1698 1311 τελευτῶντα
1719 1281 1842 1318 μνήμην
1865 1281 1948 1318 ἔχειν

168 1339 232 1368 τῶν
257 1336 506 1375 συμβαινόντων.
552 1335 627 1365 Hac
661 1335 825 1365 facultate
859 1336 1040 1374 plurimum
1064 1334 1200 1363 adiutus
1227 1334 1435 1372 reliquorum
1459 1344 1597 1373 quoque
1618 1334 1792 1364 hominum
1816 1334 1947 1364 institu-

169 1391 272 1421 tionis
296 1391 477 1421 exordium
500 1390 579 1420 inde
602 1399 738 1428 semper
761 1389 929 1428 capiebat,
953 1395 989 1419 ut
1014 1398 1073 1419 eos
1098 1388 1313 1427 superiorum
1338 1398 1476 1417 suarum
1498 1388 1645 1418 vitarum
1667 1388 1842 1427 gradatim
1869 1398 1948 1427 pro-

168 1445 361 1485 grediendo
398 1444 510 1483 magis
543 1444 723 1483 magisque
756 1444 972 1481 admoneret;
1006 1443 1125 1472 Iambl.
1154 1443 1249 1472 ibid:
1284 1445 1340 1480 τῆς
1368 1444 1431 1472 τῶν
1461 1442 1568 1473 ἄλλων
1598 1442 1775 1479 ἐπιμελείας
1802 1442 1949 1472 ἐντεῦθεν

168 1500 292 1538 ἤρχετο,
316 1498 563 1536 ὑπομιμνήσκων
587 1498 706 1536 αὐτοὺς
729 1497 767 1536 ἧς
792 1498 878 1536 εἶχον
902 1498 1060 1536 πρότερον
1085 1500 1176 1534 ἰωῆς.
1219 1496 1378 1527 Omnium
1403 1506 1486 1526 vero
1510 1496 1783 1536 generationum,
1807 1505 1951 1535 quarum

169 1553 308 1584 omnino
332 1553 533 1583 memoriam
556 1562 724 1582 renovare
754 1552 874 1592 potuit,
906 1553 1016 1591 prima
1040 1561 1081 1582 ea
1104 1550 1174 1585 fuit,
1205 1561 1273 1590 qua
1295 1557 1410 1581 aetate
1433 1550 1512 1580 olim
1535 1550 1818 1589 Argonautarum
1840 1550 1951 1580 lucem

173 1607 344 1647 adspexit.
392 1606 544 1636 Primum
567 1607 655 1636 enim
678 1607 1009 1646 praestantissumae
1032 1605 1120 1635 illius
1149 1606 1283 1635 animae
1313 1605 1345 1634 in
1372 1606 1437 1634 hac
1468 1611 1561 1634 terra
1590 1604 1797 1634 domicilium
1826 1613 1951 1643 corpus

170 1661 233 1691 fuit
256 1661 475 1699 Aethalidem,
498 1660 660 1691 Mercurii
683 1666 717 1691 et
740 1660 964 1700 Eupolemiae
986 1659 1045 1689 filii
1069 1660 1242 1699 (Apollon.
1267 1658 1383 1688 Rhod.
1407 1659 1431 1697 Ι,
1453 1659 1514 1696 54),
1538 1658 1595 1698 qui
1618 1658 1651 1687 in
1667 1658 1951 1698 Argonautarum

169 1720 270 1746 coetu
286 1714 473 1745 honorifico
492 1715 673 1754 praeconis
697 1724 838 1744 munere
854 1720 889 1744 ut
908 1714 1020 1754 patrio
1038 1720 1073 1744 et
1087 1713 1297 1744 hereditario
1321 1712 1455 1743 functus
1479 1719 1539 1744 est.
1578 1712 1633 1742 De
1655 1711 1844 1742 Aethalida
1858 1712 1950 1742 lucu-

168 1769 282 1799 lentus
296 1774 348 1799 est
363 1769 460 1799 locus
475 1770 567 1808 apud
586 1768 811 1808 Apollonium
827 1768 1003 1798 Rhodium
1019 1768 1044 1805 Ι,
1063 1769 1132 1801 640,
1157 1777 1226 1806 quo
1245 1773 1278 1797 et
1295 1767 1429 1796 divinae
1453 1766 1604 1806 originis,
1628 1771 1662 1796 et
1685 1765 1868 1805 singularis
1889 1765 1953 1794 viri

169 1823 366 1859 memoriae,
389 1833 478 1862 quae
498 1833 540 1853 ne
560 1824 653 1862 apud
669 1823 798 1853 inferos
816 1823 953 1863 quidem
968 1831 1116 1861 unquam
1141 1821 1294 1851 extincta
1310 1821 1362 1859 sit,
1387 1821 1559 1860 exquisita
1574 1819 1701 1850 mentio
1724 1825 1836 1849 extat:
1860 1819 1952 1856 τείως

169 1877 196 1908 δ’
220 1877 287 1908 αὖτ’
311 1878 346 1908 ἐκ
368 1879 447 1916 νηὸς
471 1878 622 1915 ἀριστῆες
645 1878 807 1915 προέηκαν
829 1877 841 1916 Η
861 1877 1029 1914 Αἰθαλίδην
1053 1877 1174 1914 κήρυκα
1197 1875 1289 1913 θοόν,
1311 1878 1354 1915 τῷ
1374 1876 1434 1913 πέρ
1457 1885 1490 1906 τε
1520 1875 1670 1912 μέλεσθαι
1693 1873 1705 1913 Η
1728 1873 1878 1910 ἀγγελίας
1902 1873 1952 1903 καὶ

171 1933 335 1970 σκῆπτρον
359 1932 538 1969 ἐπέτρεπον
557 1931 720 1970 Ἑρμείαο,
743 1930 754 1971 Η
776 1932 969 1969 σφωιτέροιο
992 1933 1119 1968 τοκῆος,
1148 1930 1185 1967 ὅς
1213 1930 1242 1960 οἱ
1272 1932 1404 1966 μνῆστιν
1435 1928 1515 1966 πόρε
1544 1928 1675 1959 πάντων
1698 1927 1710 1967 Η
1729 1927 1881 1965 ἄφθιτον·
1913 1926 1952 1957 οὐ

171 1984 200 2016 δ’
223 1985 269 2016 ἔτι
290 1987 350 2016 νῦν
376 1996 434 2023 περ
459 1986 668 2023 ἐποιχομένου
692 1980 892 2023 Ἀχέροντος
914 1986 925 2024 Η
948 1985 1038 2023 δίνας
1062 1984 1274 2023 ἀπροφάτους
1299 1985 1404 2021 ψυχὴν
1428 1984 1615 2021 ἐπιδέδρομε
1637 1983 1726 2020 λήθη.
1755 1981 1792 2011 Ιῐι
1809 1991 1953 2021 sequen-

172 2039 276 2078 tibus,
300 2049 390 2078 quae
413 2040 504 2079 apud
521 2039 746 2079 Apollonium
762 2040 932 2079 leguntur,
956 2039 1170 2078 explicandis
1194 2039 1330 2068 minime
1353 2048 1428 2068 curn
1445 2037 1632 2068 scholiasta
1652 2037 1695 2067 de
1713 2035 1953 2066 Heteremeria

174 2094 323 2132 quadam
347 2093 555 2123 Aethalidae
579 2093 776 2133 cogitarimg
809 2094 856 2123 ait
879 2093 967 2123 enim
991 2094 1047 2123 ille
1071 2093 1114 2122 ad
1137 2103 1168 2123 v.
1192 2094 1266 2123 646:
1298 2092 1467 2129 Αἰθαλίδης
1485 2117 1491 2122 .
1509 2116 1515 2122 .
1533 2116 1538 2122 .
1556 2091 1756 2129 ἑτερήμερος,
1779 2090 1822 2127 ὥς
1843 2097 1952 2128 φησιν7

172 2147 258 2178 ὥστε
278 2147 350 2185 μίαν
374 2148 430 2184 μὲν
453 2147 514 2178 ὑπὸ
534 2148 590 2178 τὸν
610 2147 731 2185 “Αιδην,
756 2148 828 2185 μίαν
845 2149 879 2178 δέ
903 2148 980 2186 ὑπὲρ
1005 2148 1062 2185 τὴν
1080 2147 1168 2187 [γῆν]
1194 2148 1313 2185 ἡμέραν
1329 2146 1457 2183 διάγειν.
1481 2145 1588 2175 Immo
1606 2150 1764 2184 spectant
1782 2144 1817 2174 hi
1833 2154 1952 2174 versus

174 2201 219 2230 ad
242 2201 455 2231 notissimam
477 2201 630 2231 fabulam
654 2203 697 2231 de
721 2202 855 2231 animae
878 2202 1134 2241 Pythagoreae‚
1165 2211 1253 2240 quae
1277 2201 1399 2230 eadem
1422 2200 1632 2230 Aethalidae
1655 2199 1769 2228 anima
1790 2197 1863 2237 fuit,
1893 2198 1952 2228 mi—

176 2254 401 2294 grationibus,
425 2255 548 2294 quibus
571 2254 698 2285 factum
722 2256 766 2285 sit
791 2262 834 2287 ut.
858 2256 954 2285 salva
978 2265 1114 2294 semper
1136 2254 1286 2284 fatorum
1312 2264 1447 2284 suorum
1475 2253 1691 2287 conscientia,
1723 2252 1827 2282 modo
1850 2261 1954 2291 supra

173 2314 310 2346 terram,
334 2309 437 2339 modo
468 2310 530 2338 sub
556 2316 650 2338 terra
673 2316 958 2347 commoraretur;
992 2309 1154 2349 Aponon.
1180 2309 1204 2347 Ι,
1228 2309 1301 2339 646;
1316 2303 1399 2340 ’ἀλλ’
1423 2307 1472 2345 ἥγ’
1494 2307 1526 2347 (i.
1551 2318 1578 2338 e.
1603 2307 1701 2345 ψυχή)
1725 2306 1864 2344 ἔμπεδον
1886 2306 1953 2337 αἰὲν
