2225 3049
1017 217 1089 247 XV

163 314 302 345 inferlm
324 315 530 355 sclllz‘am'nli,
553 315 653 345 donec
673 317 816 345 cremato
835 325 870 345 co
893 313 1040 349 inimici,
1062 313 1125 355 qui
1147 314 1376 345 Ccnzflzarz'dac
1391 318 1600 350 vocabatlfm'.
1626 318 1793 348 rcmcanlz'
1806 318 1941 349 animae

163 368 272 398 veluti
290 368 452 409 vaginam
476 367 672 400 ademerint.
715 368 852 399 Lucian.
876 378 1015 399 muscae
1040 379 1169 401 encom.
1193 369 1224 400 7:
1262 371 1318 400 τὸν
1341 371 1411 409 περὶ
1433 371 1624 409 Ἑρμοτίμου
1649 375 1705 404 τοῦ
1730 374 1939 412 Κλαζομενίου

162 425 270 461 μῦθον7
304 423 351 454 ὅτι
384 423 537 460 πολλάκις
570 422 701 461 ἀφιεῖσα
732 423 830 454 αὐτὸν
862 423 880 460 ἡ
904 423 989 460 ψυχὴ
1025 422 1177 461 ἀπεδήμει
1202 422 1270 454 καθ’
1294 424 1420 463 ἑαυτήν,
1454 424 1521 455 εἶτα
1550 428 1771 458 ἐπανελθοῦσα
1796 428 1936 466 ἐπλήρου

162 477 251 515 αὖθις
275 477 310 508 τὸ
334 479 426 514 σῶμα
448 478 497 507 καὶ
521 476 634 508 ἀνίστα
656 477 712 507 τὸν
734 476 937 514 Ἑρμότιμον.

216 617 261 646 13.
306 616 344 645 In
369 617 487 646 schola
510 616 733 656 Pythagorea
757 625 923 645 canonem
946 615 1094 654 quinque
1117 616 1340 656 Pythagorae
1363 617 1450 648 inter
1471 619 1628 650 homines
1651 621 1887 651 reversionum

260 670 469 700 sollemniter
486 676 717 709 propagatum
737 669 851 699 fuisse.
889 668 940 698 Eo
963 679 1104 699 numero
1127 671 1300 709 quomodo
1317 670 1445 701 Ennius
1464 678 1579 711 poeta,
1601 673 1839 713 philosophiae

343 723 601 763 Pythagoricae
617 723 735 758 cultor,
754 723 797 752 ad
813 732 1025 762 praenomen
1042 733 1140 753 suum
1160 719 1320 763 “Quinti'¹
1341 725 1583 764 explicandum
1600 736 1681 756 usus
1700 728 1752 757 sit.

308 801 394 832 Post
418 802 635 839 Hermotimi,
669 802 713 831 ab
746 800 888 830 inimicis
920 801 1124 841 interempti,
1159 804 1290 833 obitum
1324 805 1438 835 anima
1471 806 1611 835 multum
1649 806 1781 846 agitata
1813 814 1938 837 sortem

163 856 273 886 minus
297 855 525 895 conspicuam,
549 856 611 885 sed
635 855 797 884 tutiorem
822 855 886 885 sibi
910 856 1024 894 petiit;
1050 866 1128 886 nam
1158 857 1395 888 defunctorum
1426 859 1560 890 animae
1582 859 1692 890 libera
1725 870 1860 899 semper
1883 871 1939 890 vo-

159 911 289 940 luntate
311 919 436 939 novam
451 909 543 939 vitae
560 909 711 948 speciem
731 909 876 948 eligunt3
899 909 1033 944 etenim,
1057 916 1094 940 ut
1110 910 1157 940 ait
1173 910 1273 941 Plato
1298 913 1366 951 pol.
1392 923 1425 952 p.
1441 914 1546 943 6170:
1570 913 1653 944 αἰτία
1676 914 1841 951 ἑλομένου,
1866 915 1938 952 θεὸς

159 964 311 1002 ἀναίτιος.
356 963 471 1003 Elegit
493 963 597 1002 igitur
621 963 744 1003 Pyrrhi
768 963 950 1002 piscatoris
974 974 1109 1003 corpus,
1144 964 1177 993 in
1199 974 1266 1003 quo
1290 965 1472 1001 habitaret,
1508 977 1609 1006 quem
1633 967 1689 997 alii
1712 967 1860 1002 Delium,
1884 968 1939 997 alii

160 1016 358 1047 Cretensem
383 1017 645 1056 perhibuerunt;
679 1017 806 1056 quippe
829 1027 918 1056 quae
941 1023 1054 1048 terrae
1077 1019 1199 1048 ambae
1228 1025 1371 1058 propter
1393 1019 1673 1051 florentissimum
1697 1022 1743 1051 ibi
1767 1021 1938 1061 Apollinis

159 1072 285 1101 cultum
309 1070 444 1101 animae
467 1080 542 1101 cum
566 1071 729 1110 Apolline
759 1071 1056 1101 coniunctissimae
1079 1078 1203 1111 gratae
1228 1083 1304 1103 esse
1328 1074 1519 1113 debuerint;
1547 1075 1634 1105 conf.
1660 1075 1700 1106 O.
1725 1075 1939 1114 Muellerum,

160 1125 319 1156 Doriens.
343 1125 386 1158 12,
411 1126 480 1159 222,
503 1131 573 1156 not.
597 1126 624 1155 2.
670 1125 725 1155 De
748 1125 883 1164 Pyrrho
908 1135 1001 1160 vero,
1035 1126 1129 1156 cuius
1152 1126 1224 1156 vita
1247 1133 1403 1166 quartum
1428 1127 1653 1168 Pythagorae
1677 1129 1764 1159 inter
1786 1128 1939 1159 homines

158 1179 344 1217 hospitium
367 1178 439 1213 fuit,
472 1178 567 1208 multi
601 1184 678 1208 sunt
710 1178 922 1217 antiquitatis
954 1185 1069 1210 testes.
1116 1180 1220 1219 Diog.
1244 1180 1304 1211 La.
1330 1181 1421 1216 VHI,
1447 1181 1473 1220 ξ.
1498 1184 1528 1212 5:
1553 1183 1659 1219 ἐπειδὴ
1686 1183 1720 1213 δὲ
1748 1179 1939 1221 Ἑρμότιμος

159 1232 306 1270 ἀπέθανε,
328 1233 476 1269 γενέσθαι
498 1233 629 1271 Πύρρον
652 1233 708 1264 τὸν
733 1233 855 1270 Δήλιον
878 1232 978 1264 ἁλιέα.
1023 1232 1137 1264 Schol.
1168 1232 1273 1273 Soph.
1302 1234 1425 1265 Electr.
1450 1236 1504 1266 62:
1538 1237 1600 1274 πρὸ
1625 1237 1682 1274 μὲν
1705 1239 1769 1267 τῶν
1791 1237 1940 1275 Τρωικῶν

160 1285 330 1324 Αἰθαλίδης
353 1287 397 1317 ὢν
420 1287 438 1317 ὁ
459 1284 587 1325 Ἑρμοῦ,
611 1286 679 1317 εἶτα
701 1286 879 1325 Εὔφορβος.
904 1286 969 1317 εἶτα
991 1287 1189 1326 Ἑρμότιμος,
1213 1288 1279 1319 εἶτα
1298 1289 1429 1327 Πύρρος
1454 1290 1471 1320 ὁ
1488 1290 1621 1328 Δήλιος.
1658 1289 1822 1320 Ordinem
1845 1290 1938 1329 paul-

158 1340 262 1370 lulum
290 1341 426 1370 invertit
452 1341 621 1380 Porphyr⁴
654 1341 722 1372 Vit.
748 1340 848 1380 Pyth.
879 1342 932 1371 45:
966 1343 1095 1379 πρῶτον
1123 1343 1179 1379 μὲν
1204 1342 1375 1381 Εὔφορβος
1403 1344 1506 1380 λέγων
1534 1345 1694 1383 γενέσθαι,
1719 1345 1871 1382 δεύτερον
1903 1346 1938 1375 δὲ

156 1394 333 1432 ΑἰθαλίδηςἼ
356 1396 462 1433 τρίτον
487 1392 688 1433 Ἑρμότιμος,
711 1395 864 1432 τέταρτον
888 1395 1031 1433 Πύρρος,
1054 1397 1111 1426 νῦν
1136 1397 1169 1426 δὲ
1192 1396 1397 1434 Πυθαγόρας.
1436 1397 1713 1436 Copiosissumus
1737 1399 1780 1428 de
1803 1398 1937 1437 Pyrrho

158 1448 347 1488 Pyranthio
371 1449 554 1487 (Πύρανθος
578 1449 741 1488 oppidum
770 1455 822 1478 est
843 1459 951 1488 prope
975 1448 1176 1488 Gortynam,
1211 1448 1329 1489 Steph.
1363 1451 1446 1490 Byz.
1471 1462 1494 1482 S.
1518 1455 1564 1488 V.)
1600 1452 1699 1482 testis
1730 1458 1782 1482 est
1808 1451 1939 1482 Gellius

155 1502 207 1532 IV
209 1526 215 1537 ,
242 1504 287 1538 11,
314 1504 367 1534 55:
390 1502 569 1532 renlofz'ora
591 1505 674 1532 smzl‘
694 1502 749 1532 ln‘s
771 1512 855 1543 {luris
880 1502 1059 1532 Clearchus
1081 1505 1113 1532 cf
1128 1502 1362 1533 Dscacarclms
1378 1504 1556 1535 memoriae
1579 1505 1805 1545 fmdidermzt,
1818 1505 1939 1546 fuisse

155 1566 231 1586 cum
246 1558 359 1596 jmsfca
383 1556 549 1598 errlmm
572 1556 807 1598 Erranllzsum,
841 1556 962 1586 demde
984 1556 1198 1593 i-Ietlzall'dcm
1233 1557 1355 1588 deinde
1366 1558 1542 1598 feminam
1571 1560 1693 1600 pulcra
1714 1559 1815 1601 facie
1838 1569 1938 1590 mere—

156 1609 283 1646 tricem,
308 1609 367 1640 cm'
390 1621 508 1640 nomen
520 1610 649 1651 sucta!
670 1611 760 1641 Alco.
805 1611 842 1641 In
866 1611 918 1641 his
941 1622 1030 1650 quae
1053 1617 1229 1651 postremo
1262 1613 1340 1643 loco
1376 1614 1418 1643 de
1449 1614 1628 1644 meretrice
1657 1615 1749 1644 dieta
1772 1620 1859 1649 sunt,
1895 1615 1938 1644 ad

157 1674 264 1695 vanas
299 1665 374 1695 illas
407 1665 689 1705 luxuriantesque
718 1665 852 1695 fabulas
882 1665 1063 1704 pertinent,
1101 1666 1223 1705 quibus
1255 1667 1430 1705 posterior
1462 1673 1560 1697 aetas
1584 1668 1808 1708 Pythagorae
1851 1669 1939 1699 inter

156 1719 312 1749 homines
328 1720 540 1750 deverticula
556 1726 589 1750 et
605 1719 903 1759 peregrinationes
926 1720 1092 1759 puerilem
1108 1720 1141 1749 in
1157 1720 1296 1750 modum
1316 1721 1410 1751 auxit
1427 1727 1461 1751 et
1478 1722 1669 1756 exornavit,
1694 1723 1789 1752 cuius
1807 1722 1938 1752 farinae

159 1782 200 1803 ea
223 1783 358 1812 quoque
381 1779 469 1809 sunt,
503 1783 592 1813 quae
625 1774 731 1803 habet
765 1773 964 1804 Scholiasta
994 1775 1038 1803 ad
1068 1774 1230 1812 Apollon.
1266 1774 1381 1804 Rhod.
1405 1774 1429 1812 Ι,
1465 1776 1542 1806 645;
1578 1775 1749 1814 Εὔφορβον
1782 1775 1861 1807 εἶναι

157 1827 267 1858 ἔπειτα
289 1828 421 1866 Πύρρον
445 1852 451 1858 .
469 1853 475 1858 .
494 1853 499 1858 .
522 1828 588 1858 εἶτα
618 1823 742 1859 Ἠλεῖόν
765 1838 844 1860 τινα,
865 1827 903 1858 οὖ
928 1828 964 1859 τὸ
981 1828 1084 1866 ὄνομα
1102 1828 1271 1864 ἀγνοεῖται.
1305 1828 1344 1858 In
1362 1829 1556 1859 universum
1573 1829 1718 1860 florente
1737 1829 1939 1869 antiquitate

160 1881 333 1911 sollemnis
358 1882 495 1921 quidam
520 1882 617 1921 quasi
641 1891 749 1912 canon
772 1882 920 1921 quinque
936 1881 1161 1921 Pythagorae
1179 1882 1457 1920 μετεμψυχώσεων
1472 1883 1647 1913 hominum
1664 1893 1833 1913 consensu
1849 1893 1938 1913 com-

157 1936 325 1974 probatus
349 1936 492 1966 videtur.
537 1936 591 1966 De
611 1936 873 1966 intervallorum
898 1936 1121 1975 temporibus,
1157 1936 1280 1975 quibus
1312 1937 1398 1966 haec
1422 1937 1509 1966 inter
1532 1937 1689 1968 homines
1712 1937 1939 1977 Pythagorae

159 1990 372 2020 deverticula
399 1990 487 2020 inter
516 2000 553 2020 se
587 1990 758 2029 dirempta
781 1990 915 2024 fuerint,
939 1991 1034 2020 locus
1062 1990 1299 2029 gravissumus
1323 1997 1374 2021 est
1398 1992 1489 2030 apud
1512 1991 1615 2031 Diog.
1639 1991 1697 2022 La.
1721 1991 1813 2027 VIII,
1839 1992 1865 2030 ἓ.
1892 1992 1937 2027 14,

157 2053 224 2082 quo
249 2044 322 2083 ipse
346 2045 570 2084 philosophus
593 2050 723 2078 narrat,
749 2050 881 2084 septem
904 2050 937 2074 et
954 2045 1120 2074 ducentos
1136 2054 1244 2074 annos
1260 2045 1516 2084 praeterlapsos
1533 2056 1618 2083 esse,
1643 2052 1723 2084 post
1742 2055 1829 2084 quos
1851 2055 1939 2075 nunc

159 2098 295 2128 demum
318 2098 351 2128 in
374 2099 548 2128 hominum
578 2099 787 2129 consortium
820 2100 932 2129 denuo
955 2099 1108 2129 redierit:
1133 2099 1213 2129 ἀλλὰ
1237 2100 1287 2129 καὶ
1311 2099 1408 2137 αὐτὸς
1433 2100 1467 2130 ἐν
1492 2102 1528 2139 τῇ
1552 2102 1658 2139 γραφῇ
1688 2107 1768 2138 φησι
1795 2101 1832 2130 δι’
1858 2100 1938 2130 ἑπτὰ

158 2152 208 2183 καὶ
231 2153 401 2183 διακοσίων
425 2153 524 2184 ἐτέων
547 2154 579 2184 ἐξ
603 2153 699 2184 ἀΐδεω
722 2155 1002 2191 παραγεγενῆσθαι
1027 2153 1060 2191 ἐς
1085 2153 1285 2191 ἀνθρώπους.

305 2206 377 2237 Iam
402 2213 579 2246 postremo
604 2207 681 2237 huic
705 2208 746 2237 de
770 2207 995 2247 Pythagorae
1017 2208 1049 2237 in
1069 2213 1160 2237 terra
1179 2208 1335 2247 hospitiis
1359 2208 1545 2238 narrationi
1568 2208 1740 2238 coronidis
1758 2209 1835 2238 loco
1852 2218 1939 2238 nunc

158 2260 334 2291 mirificum
359 2267 392 2292 et
416 2262 556 2301 cognitu
580 2272 663 2292 sane
685 2262 932 2301 dignissumum
961 2261 999 2301 Q
1023 2262 1109 2292 Enni
1135 2268 1261 2302 poetae
1289 2262 1521 2293 testimonium
1543 2263 1742 2301 adiciamus,
1774 2273 1842 2302 quo
1865 2263 1936 2302 qui—

157 2315 273 2345 narius
305 2316 362 2345 ille
398 2326 556 2346 numerus
592 2316 764 2346 sollemnis
798 2317 941 2356 egregie
976 2316 1206 2347 confirmatur.
1251 2316 1384 2347 Etenim
1418 2316 1546 2347 Ennius
1568 2316 1752 2347 ——mirum
1784 2317 1877 2347 dictu
1901 2334 1939 2338 —
