2225 3049
1028 237 1121 268 XIX

180 337 226 366 ad
247 336 334 367 Plat.
356 336 421 376 pol.
444 346 475 375 p.
506 336 562 366 117
587 336 639 366 ed.
664 335 818 367 Schoell:
847 336 876 367 oi
905 336 932 367 δ’
961 336 1052 367 ἄδικα
1083 334 1231 374 ῥέξαντες
1253 336 1304 367 ὑπ’
1330 337 1431 375 αὐγὰς
1452 338 1571 375 ἠελίοιο
1586 340 1752 379 ιῆὑβρισταὶ
1774 341 1965 378 κατάγονται

179 389 242 421 ὑπὸ
264 389 369 420 πλάκα
395 389 762 428 ΚωκυτοῖοΗΤάρταρον
785 390 819 427 ἐς
847 390 1011 428 κρυόεντα.
1062 389 1100 419 In
1128 389 1275 420 Tartaro
1303 400 1385 421 vero
1412 392 1594 430 paludibus
1628 400 1662 424 et
1688 404 1795 425 caeno
1820 397 1964 426 obrutae

180 449 259 473 sunt
283 444 498 484 peccatrices
522 443 665 477 animae,
690 449 726 473 ut
749 453 794 473 ex
818 443 948 483 Orphei
969 443 1175 474 carminibus
1203 451 1320 474 narrat
1343 444 1445 475 Plato
1474 445 1507 475 in
1530 445 1717 478 Phaedone
1745 459 1776 488 p.
1801 449 1871 480 690:
1902 460 1964 481 κιν-

179 498 351 529 δυνεύουσι
381 498 432 528 καὶ
461 497 490 528 οἱ
515 498 573 535 τὰς
600 498 732 535 τελετὰς
760 498 831 535 ἡμῖν
857 497 945 528 οὗτοι
976 498 1238 536 καταστήσαντες
1263 498 1300 529 οὐ
1328 499 1447 537 φαῦλοί
1477 510 1562 538 τινες
1591 501 1679 536 εἶναι,
1712 502 1792 533 ἀλλὰ
1821 507 1866 544 τῷ
1895 503 1961 534 ὄντι

177 551 276 582 πάλαι
299 551 503 587 αἰνίττεσθαι,
532 551 580 582 ὅτι
599 551 636 589 ὃς
665 551 704 582 ἂν
727 551 868 589 ἀμύητος
899 552 949 582 καὶ
977 551 1150 590 ἀτέλεστος
1179 552 1224 590 εἰς
1247 552 1358 584 Ἅιδου
1387 553 1546 591 ἀφίκηται,
1579 554 1613 585 ἐν
1642 556 1787 597 βορβόρῳ
1815 557 1962 588 κείσεται.

182 605 280 635 Plato
309 615 392 636 vero
416 605 490 645 ipse
514 606 557 636 de
579 605 671 635 mille
697 615 861 634 annorum
890 605 1188 635 aerumnosissima
1216 607 1495 646 peregrinatione
1525 608 1616 647 apud
1645 608 1771 639 inferos
1802 610 1960 649 loquitur,

177 669 280 698 quam
311 659 493 699 impiorum
521 660 652 689 animas
681 660 859 689 exantlare
883 665 1055 699 oporteat3
1089 659 1172 690 Plat.
1193 660 1261 699 pol.
1285 670 1317 699 p.
1335 661 1424 691 615³:
1445 660 1496 692 οἶα
1518 661 1650 693 πάθοιεν
1673 664 1722 692 καὶ
1745 663 1844 695 ἴδοιεν
1868 665 1902 695 ἐν
1925 667 1961 705 τῇ

175 713 238 744 ὑπὸ
263 715 322 751 γῆς
350 714 472 754 πορείᾳ,
501 713 578 744 εἶναι
603 714 637 744 δὲ
660 714 718 750 τὴν
746 714 879 751 πορείαν
907 714 1032 751 χιλιέτη.
1086 712 1184 744 Haec
1216 714 1319 754 igitur
1347 714 1374 743 si
1403 721 1600 754 reputemus
1632 721 1665 746 et
1699 719 1961 755 perpendamus,

177 767 237 796 vix
258 766 335 797 fieri
359 777 463 807 posse
486 767 643 797 videatur
666 773 701 797 ut
725 773 852 796 statum
869 767 1014 806 aliquem
1037 766 1274 797 defunctarum
1298 769 1487 798 animarum
1503 768 1682 809 fingamus,
1708 770 1740 799 in
1765 780 1831 809 quo
1857 772 1961 802 delin-

173 821 304 860 quendi
328 821 376 851 eis
400 820 544 851 facultas
567 827 601 851 et
624 821 722 860 copia
747 821 817 850 ulla
840 820 948 851 fuerit.

285 961 328 992 17.
377 961 515 991 Pindari
539 963 645 992 verba
669 961 721 992 Ol.
746 961 788 995 II,
813 962 868 991 63:
914 961 1077 991 θανόντων
1103 961 1283 998 ἀπάλαμνοι
1307 963 1428 1000 φρένες
1453 963 1685 1003 intellegenda
1710 974 1786 994 esse
1808 965 1850 994 tle

343 1015 530 1049 animabus,
554 1025 644 1055 quae
668 1016 700 1045 in
725 1024 852 1054 magno
874 1015 1132 1054 palingenesiae
1155 1016 1341 1046 certamine
1365 1026 1523 1046 sensuum
1544 1018 1786 1047 blandimentis

407 1069 595 1100 obstrictae
622 1069 770 1109 eligendi
795 1069 893 1108 copia
919 1070 1007 1099 male
1031 1075 1177 1099 utantur.
1225 1069 1405 1100 Platonem
1428 1070 1461 1099 in
1483 1070 1629 1101 Politiae
1652 1070 1720 1101 fine

632 1124 710 1154 huic
733 1124 1008 1162 interpretationi
1034 1123 1153 1152 mirum
1178 1130 1344 1162 quantum
1368 1123 1495 1155 favere.

324 1202 401 1232 Hoc
426 1202 702 1231 testimoniorum
726 1202 863 1240 agmine
879 1202 1086 1240 perlustrato
1111 1209 1239 1241 quanto
1263 1202 1374 1241 magis
1397 1209 1531 1233 constat
1544 1204 1727 1234 Pindarum
1751 1204 1784 1234 in
1806 1206 1872 1235 hac
1888 1215 1958 1235 ma-

180 1255 267 1285 teria
291 1255 492 1285 exornanda
517 1261 550 1285 et
571 1255 778 1294 expolienda
809 1256 852 1284 ab
876 1255 934 1284 illo
959 1255 1172 1294 superiorum
1201 1256 1482 1296 philosophorum
1506 1268 1675 1288 consensu
1697 1258 1887 1297 paullulum
1909 1269 1960 1290 re-

172 1309 327 1339 cessisse
353 1315 386 1338 et
410 1318 470 1338 suo
495 1310 645 1347 quodam
667 1308 807 1348 proprio
824 1309 945 1338 itinere
969 1308 1161 1348 ingressum
1178 1318 1264 1347 esse,
1288 1315 1383 1339 tanto
1402 1310 1514 1349 magis
1531 1320 1618 1340 nunc
1642 1312 1863 1341 adnitendum
1888 1313 1960 1351 erit,

173 1368 210 1392 ut
237 1362 270 1392 in
294 1362 547 1402 sapientissumi
570 1367 704 1401 poetae,
727 1363 783 1402 qui
806 1363 852 1392 nil
881 1363 1017 1392 molitur
1033 1363 1156 1401 inepte,
1179 1363 1305 1402 quique
1324 1373 1495 1403 nunquam
1519 1365 1609 1395 inani
1625 1366 1759 1395 tinnitui
1775 1367 1960 1396 verborum

171 1416 321 1451 indulsit,
349 1425 469 1445 sensus
487 1421 520 1445 et
536 1421 685 1446 mentem
701 1425 788 1445 nunc
806 1425 908 1454 quam
927 1416 1103 1446 altissume
1124 1416 1197 1447 fieri
1214 1418 1351 1455 poterit,
1378 1427 1440 1448 nos
1457 1418 1664 1449 insinuemus
1685 1426 1719 1449 et
1732 1426 1960 1459 penetremus.

170 1470 224 1500 Ac
255 1470 352 1499 nulla
377 1468 534 1508 profecto
558 1474 610 1499 est
634 1470 676 1498 de
698 1479 781 1499 vero
794 1469 1000 1499 inveniendo
1021 1471 1228 1509 desperandi
1253 1482 1383 1504 caussa.
1425 1473 1593 1503 Pindarus
1610 1483 1686 1504 cum
1711 1475 1753 1505 de
1771 1475 1958 1505 animarum

172 1524 386 1563 migratione
414 1533 534 1554 sensus
561 1533 642 1553 suos
666 1523 801 1553 intimos
824 1524 890 1554 hoc
915 1523 1020 1554 effato
1044 1526 1350 1563 praestantissumo
1379 1528 1532 1558 elocutus
1551 1535 1603 1558 est
1620 1528 1671 1559 Ol.
1688 1528 1729 1566 ΙΙ,
1753 1530 1809 1559 63:
1834 1529 1882 1560 ὅτι
1905 1532 1958 1560 θα-

170 1578 295 1609 νόντων
319 1579 375 1615 μἐν
404 1578 506 1608 ἐνθάδ’
532 1577 630 1608 αὐτίκ’
655 1577 834 1616 ἀπάλαμνοι
858 1579 976 1617 φρένες
993 1578 1003 1617 3‘
1020 1580 1133 1617 ποινὰς
1159 1580 1278 1618 ἔτισαν,
1309 1590 1377 1610 non
1401 1582 1443 1611 de
1467 1582 1652 1612 sceleribus
1677 1583 1874 1622 apertisque
1899 1582 1956 1612 fla-

170 1631 262 1671 gitiis
287 1632 464 1671 cogitavit,
500 1632 561 1661 sed
586 1632 628 1662 de
653 1632 786 1662 dilectis
811 1632 876 1662 illis
899 1633 1069 1663 humanae
1091 1640 1234 1664 naturae
1258 1636 1420 1674 peccatis,
1444 1636 1579 1675 quaein
1605 1636 1761 1666 medullis
1783 1637 1959 1671 haereant,

171 1695 330 1725 quaeque
361 1686 463 1715 nullis
486 1695 598 1725 neque
621 1686 761 1716 deorum
794 1686 969 1726 suppliciis
999 1697 1110 1727 neque
1140 1687 1315 1718 beneficiis
1347 1689 1512 1728 extirpari
1546 1690 1687 1728 possint.
1740 1690 1850 1720 Huius
1878 1700 1960 1721 vero

170 1740 364 1779 pravitatis,
398 1750 490 1779 quae
514 1746 676 1779 tanquam
700 1750 867 1770 venenum
894 1741 926 1770 in
949 1742 1068 1771 animis
1091 1748 1281 1781 grassatur.
1313 1753 1414 1772 unum
1440 1753 1522 1773 sane
1545 1754 1744 1774 maxumum
1769 1750 1802 1774 et
1824 1745 1959 1784 gravis-

172 1793 291 1823 simum
315 1795 407 1833 apud
431 1793 562 1824 inferos
587 1795 827 1824 documentum
856 1800 916 1825 est.
961 1795 1001 1825 Id
1025 1806 1065 1826 eo
1090 1797 1276 1835 specimine
1300 1797 1499 1834 continetur,
1530 1807 1604 1828 cum
1629 1798 1762 1828 animae
1782 1797 1877 1828 finita
1901 1799 1957 1828 illa

170 1848 204 1877 in
227 1847 410 1877 inferorum
438 1848 577 1878 sedibus
602 1848 885 1887 peregrinatione
909 1849 940 1878 in
964 1850 1222 1889 palingenesiae
1247 1851 1381 1880 sublimi
1405 1852 1603 1890 spectaculo
1627 1853 1671 1881 ad
1694 1862 1820 1882 novam
1843 1862 1960 1882 rursus

171 1902 276 1932 vitam
295 1902 490 1941 eligendam
506 1908 681 1932 vocantur.
721 1902 759 1932 In
786 1903 852 1933 hoc
875 1903 1092 1942 gravissumo
1118 1905 1266 1944 negotio.
1291 1905 1323 1934 in
1345 1915 1412 1944 quo
1435 1906 1477 1935 de
1503 1905 1615 1935 futura
1632 1916 1723 1936 nova
1739 1907 1810 1936 vita
1826 1907 1960 1946 praeiu-

169 1955 295 1986 dicium
317 1955 365 1990 fit,
399 1956 622 1995 plurimorum
650 1956 825 1986 hominum
849 1957 982 1988 animae
1003 1958 1208 1997 gravissime
1232 1959 1455 1998 decipiuntur.
1492 1959 1688 1990 Permultae
1712 1960 1798 1990 enim
1824 1960 1959 1990 blandis

168 2009 348 2040 fraudibus
372 2016 495 2049 captae
519 2016 552 2040 et
569 2011 764 2047 obstrictae,
788 2011 982 2041 ambitionis
1008 2017 1041 2041 et
1057 2012 1221 2042 avaritiae
1239 2013 1381 2043 stimulis
1398 2014 1561 2053 agitatae,
1585 2014 1875 2053 perniciosissima
1896 2024 1958 2053 pro

170 2064 377 2094 salutaribus
401 2064 532 2104 eligunt
554 2064 702 2104 ideoque
725 2065 820 2104 ipsae
845 2064 908 2095 sibi
936 2065 1005 2095 suis
1035 2065 1208 2106 suffragiis
1232 2077 1419 2106 poenarum
1445 2067 1743 2098 acerbissimarum
1767 2067 1958 2098 effectrices

171 2123 257 2149 sunt.
303 2117 380 2148 Hae
403 2118 507 2157 igitur
530 2124 606 2148 sunt
638 2118 715 2148 illae
739 2119 830 2158 apud
857 2118 1045 2149 Pindarum
1075 2119 1313 2150 defunctorum
1343 2131 1529 2160 perversae
1552 2127 1684 2151 mentes
1708 2128 1851 2161 propter
1873 2132 1958 2161 quas

170 2172 202 2201 in
225 2173 289 2202 hac
312 2177 405 2202 terra
433 2173 630 2211 plectuntur
658 2178 691 2202 et
721 2182 853 2212 poenas
882 2173 1037 2211 pendunt
1061 2161 1113 2204 Ol.
1136 2173 1177 2208 Π,
1202 2175 1256 2205 63:
1284 2175 1332 2206 ὅτι
1348 2176 1512 2207 θανόντων
1541 2177 1598 2213 μὲν
1627 2175 1730 2206 ἐνθάδ’
1756 2175 1854 2206 αὐτίκ’
1878 2175 1959 2206 ἀπά-

170 2227 282 2263 λαμνοι
303 2226 572 2265 φρένεςῖιποινὰς
595 2225 715 2266 ἔτισαν,
745 2227 802 2256 ubi
833 2227 940 2256 verba
961 2227 1068 2258 ἐνθάδ’
1094 2227 1204 2259 αὐτίκα
1233 2228 1379 2267 ultionis,
1410 2239 1476 2268 qua
1499 2229 1556 2259 illa
1578 2230 1789 2269 perversitas
1811 2229 1958 2269 punitur⁷

166 2284 389 2318 properatam
413 2285 447 2310 et
469 2279 702 2310 inevitabilem
723 2280 957 2319 praesentiam
980 2281 1139 2311 indicant.

321 2333 438 2371 Atque
465 2333 554 2362 hunc
583 2343 664 2364 vere
692 2333 840 2368 Pindari,
876 2343 951 2364 cum
978 2335 1035 2364 illa
1068 2336 1245 2367 scriberet.
1275 2346 1409 2367 sensum
1441 2336 1555 2371 fuisse,
1591 2338 1780 2368 luculenter
1803 2337 1958 2368 Platonis
