2225 3049
1034 253 1154 284 XVIII

207 355 248 383 de
272 352 393 381 eodem
415 349 583 379 scelerum
607 355 640 379 et
664 350 914 389 suppliciorum
951 359 1080 390 genere
1113 356 1146 378 et
1174 351 1259 380 locis
1282 352 1383 391 loqui,
1419 354 1462 382 de
1494 354 1668 383 hominum
1698 354 1880 393 impiorum
1912 360 1991 394 post

205 412 347 436 mortem
361 403 488 433 meritis
504 403 695 443 suppliciis.
721 404 844 444 Itaque
865 411 1068 435 structuram
1086 403 1270 434 verborum
1287 405 1318 434 in
1334 406 1450 444 priore
1466 408 1620 437 membro
1638 407 1726 438 hanc
1742 417 1819 438 esse
1835 413 1989 439 censent:

205 459 439 489 defunctorum
460 463 682 489 contumaees
699 459 729 488 in
746 460 810 489 hac
827 459 897 488 vita
913 464 1044 489 mentes
1060 457 1106 497 (αἱ
1122 457 1302 495 ἀπάλαμνοι
1319 460 1433 491 ἐνθάδε
1449 461 1580 499 φρένες)
1597 462 1688 500 apud
1705 462 1842 491 umbras
1858 471 1992 501 poenas

203 513 360 552 pendere.
390 511 506 542 Schol.
535 511 586 543 Ol.
608 512 649 545 II.
678 514 734 543 104
756 524 788 552 p.
809 514 846 543 70
863 518 1021 542 extrem.:
1047 513 1084 542 τὸ
1109 511 1224 543 ἐνθάδε
1247 513 1329 551 πρὸς
1346 514 1382 544 τὸ
1393 513 1575 552 ἀπάλαμνοι
1598 515 1789 550 συναπτέον,
1813 516 1850 546 τὸ
1873 516 1908 546 δὲ
1932 515 1983 546 αὐ·

202 568 269 597 τίκα
296 567 377 604 πρὸς
401 567 437 596 τὸ
462 566 574 597 ἔτισαν
600 567 720 604 οὕτως·
747 567 777 597 αἱ
803 566 983 604 ἀπάλαμνοι
1007 567 1058 596 καὶ
1080 565 1172 607 βίριιοι
1196 567 1314 605 φρένες
1338 569 1402 598 τῶν
1428 569 1603 603 θανόντων,
1626 569 1727 606 ἤγουν
1742 569 1771 600 oi
1787 569 1991 607 συκοφάνται

202 621 252 651 καὶ
275 620 303 650 οἱ
326 620 463 658 πονηροὶ
489 645 494 650 .
521 646 526 651 .
550 646 555 650 .
580 620 802 658 ἀποθανόντες
834 621 949 657 ποινάς
979 619 1025 650 ὧν
1047 619 1189 657 ἥμαρτον
1215 620 1324 651 ἔτισαν
1357 622 1407 652 καὶ
1429 622 1598 653 ἀπέδωκαν
1621 624 1654 654 ἑν
1677 623 1797 654 “Ἀιδου.
1841 630 1875 653 et
1907 623 1987 654 ibid.

202 685 234 713 p.
260 674 307 704 76.
332 674 434 704 med.:
456 677 500 714 τῷ
526 676 560 705 δὲ
585 674 765 711 ἀπάλαμνοι
788 674 908 712 φρένες
932 675 1117 705 συνάπτεόν
1139 674 1176 704 τὸ
1197 675 1327 706 ἐνθάδε·
1352 676 1399 706 ὅτι
1424 678 1488 707 τῶν
1512 677 1648 708 ἐνταῦθα
1673 677 1789 708 ἀδίκων
1811 677 1992 715 ἀπάλαμνοι

201 729 320 766 φρένες
355 728 465 758 αὐτίκα
489 729 539 758 καὶ
563 728 681 765 ευθέως
718 727 978 765 τελευτησάντων
1006 728 1120 766 ποινὰς
1143 729 1194 759 καὶ
1217 730 1368 768 τιμωρίας
1392 731 1456 761 ἐκεῖ
1478 731 1663 762 δεδώκασιν.
1719 730 1818 761 Hanc
1842 731 1989 770 explica-

201 781 329 811 tionem
352 787 497 821 propter
525 782 717 820 speciosam
740 782 912 820 quandam
949 781 1147 812 facilitatem
1180 788 1213 812 et
1246 783 1496 822 simplicitatem
1526 784 1742 823 antiquorum
1764 784 1989 824 interpretum

201 836 324 866 chorus
348 836 457 866 altera
480 836 545 867 illa,
569 845 657 874 quae
672 834 908 865 defunctorum
932 837 1024 875 apud
1052 835 1181 866 inferos
1204 837 1328 867 delicta
1353 837 1481 877 statuit,
1505 848 1592 877 quae
1609 838 1800 869 Aristarchi
1823 841 1881 870 τοῦ
1904 839 1988 870 πάνυ

199 889 269 924 fuit,
292 890 397 929 longe
414 889 716 929 praestabiliorem
741 889 876 920 iudicat.
915 890 1177 929 Triumphantia
1200 900 1316 921 eorum
1341 893 1457 926 verba,
1482 892 1606 931 quibus
1630 892 1706 923 huic
1729 893 1867 923 invento
1895 893 1989 932 plau-

201 944 293 980 dunt,
317 943 465 974 fortasse
481 944 571 973 lectu
588 943 679 973 haud
703 943 886 974 iniucunda
907 944 1104 982 videantur3
1141 944 1257 975 Schol.
1281 944 1375 975 Pind.
1400 944 1451 976 Ol.
1476 945 1516 981 ΙΙ,
1542 956 1570 977 v.
1595 947 1653 977 102
1676 957 1708 986 p.
1726 947 1764 977 75
1788 953 1888 977 extr.:
1912 947 1989 978 ἔνιοι

200 999 235 1029 δὲ
256 997 478 1035 ἁπλούστερον
502 997 655 1028 ἀκούουσι
679 998 735 1028 τὸν
759 998 858 1034 λόγον
885 999 1005 1036 οὕτως·
1042 999 1067 1030 εἰ
1091 998 1172 1036 ἔχων
1203 1009 1249 1036 τις
1285 999 1341 1030 τὸν
1359 1001 1500 1030 πλοῦτον
1525 1000 1620 1031 οἶδεν,
1654 1000 1702 1031 ὅτι
1734 1002 1768 1032 ἐν
1794 1004 1837 1041 τῷ
1863 1001 1989 1040 ὑστέρῳ

199 1052 305 1091 χρόνῳ
331 1052 360 1082 αἱ
383 1051 601 1090 ἀποθανόντες
625 1051 692 1082 καθ’
714 1052 826 1082 Ἅιδου
850 1053 938 1090 δίκας
961 1053 1119 1084 διδόασιν.

326 1228 373 1258 16.
418 1228 501 1257 Loci
525 1228 696 1258 Pindarici
722 1228 902 1259 difficultas
927 1240 967 1259 ea
990 1240 1027 1260 re
1051 1236 1215 1269 augetur,
1240 1232 1333 1269 quod
1357 1231 1434 1260 talis
1457 1231 1658 1270 plerumque
1680 1231 1865 1261 animarum

387 1288 465 1321 post
482 1288 627 1312 mortem
643 1283 794 1313 conditio
811 1282 960 1323 fingitur⁷
974 1290 1011 1314 ut
1028 1284 1248 1322 delinquendi
1264 1284 1312 1314 eis
1329 1285 1421 1314 nulla
1438 1291 1594 1324 potestas
1610 1286 1730 1316 relicta
1747 1286 1798 1316 sit.

351 1374 422 1403 Sed
445 1375 530 1404 haec
554 1374 751 1413 explicatio,
788 1385 854 1414 qua
888 1374 1073 1405 difficultas
1098 1386 1162 1404 non
1196 1376 1333 1413 tollitur,
1372 1378 1433 1406 sed
1457 1376 1533 1407 fuco
1558 1379 1793 1407 tantummodo
1819 1379 1988 1414 oblinitur,

200 1428 294 1458 nullo
319 1434 411 1457 moto
435 1427 565 1457 admitti
589 1434 714 1467 potest.
768 1429 934 1459 Pindarus
962 1429 1049 1459 enim
1064 1435 1197 1459 tantum
1221 1431 1319 1460 abest
1344 1437 1379 1460 ut
1402 1431 1455 1460 bis
1471 1431 1560 1461 idem
1585 1432 1699 1462 dicere
1723 1432 1928 1466 sustinuerit,
1952 1439 1988 1463 ut

200 1483 256 1512 vel
276 1482 450 1521 particulis
474 1484 530 1519 μὲν
555 1488 587 1513 et
611 1484 645 1514 δὲ
669 1483 793 1522 positis
816 1493 962 1523 gravem
986 1483 1052 1513 iarn
1069 1484 1302 1523 cogitatorum
1325 1485 1583 1524 oppositionem
1601 1486 1766 1517 indicarit.
1804 1486 1868 1517 His
1885 1493 1987 1522 recte,

198 1537 247 1566 uti
269 1546 332 1575 par
355 1536 424 1568 fuit,
444 1536 624 1576 perpensis
648 1536 871 1567 Aristarchus
894 1538 985 1568 nulla
1024 1537 1225 1568 difficultate
1249 1539 1432 1569 deterritus
1455 1540 1618 1570 audacter
1640 1540 1863 1579 pronuntiare
1886 1550 1988 1571 ausus

200 1596 267 1621 est:
293 1590 473 1621 Pindarum
497 1600 533 1620 re
555 1600 638 1621 vera
661 1591 806 1630 duplicis
829 1591 932 1621 huius
965 1592 1135 1631 paradoxi
1150 1598 1325 1623 auctorem
1349 1594 1520 1624 extitisse:
1547 1593 1726 1624 defunctos
1750 1594 1842 1634 apud
1862 1594 1988 1625 inferos

200 1645 399 1683 delinquere
426 1654 531 1684 posse
555 1651 588 1674 et
608 1655 671 1684 pro
699 1645 747 1675 eis
771 1645 906 1675 delictis
930 1655 1005 1676 cum
1029 1656 1120 1676 nova
1143 1647 1370 1686 generatione
1396 1648 1428 1677 in
1452 1648 1625 1678 hominum
1649 1648 1856 1679 consortium
1879 1649 1988 1680 redie-

199 1699 274 1735 rint,
297 1707 428 1737 poenas
452 1699 597 1728 solvere.
636 1698 750 1729 Schol.
768 1698 863 1729 Pind.
887 1700 939 1730 Ol.
957 1699 998 1733 ΙΙ,
1024 1701 1082 1731 102
1098 1711 1128 1740 p.
1147 1701 1184 1731 75
1202 1707 1363 1733 extrem.:
1384 1701 1598 1740 Ἀρίσταρχος
1621 1703 1777 1740 ἐξηγεῖται
1801 1703 1922 1741 οὕτως·
1940 1729 1945 1734 .
1960 1727 1986 1734 ..

197 1753 311 1789 ποινὴν
330 1752 471 1783 τίνουσιν
494 1752 522 1783 οἱ
546 1753 580 1783 ἐν
605 1752 719 1783 Ἅιδου
744 1754 1035 1792 παρανομήσαντες
1067 1760 1100 1784 et
1122 1755 1202 1786 ibid.
1226 1766 1255 1786 v.
1283 1757 1340 1787 104
1363 1767 1396 1796 p.
1424 1757 1463 1787 76
1487 1757 1570 1788 init:
1600 1757 1648 1788 ὅτι
1671 1757 1699 1788 οἱ
1728 1758 1785 1795 μὲν
1808 1758 1842 1788 ἐν
1864 1761 1909 1798 τῷ
1931 1759 1987 1795 ζῆν

197 1805 436 1843 ἁμαρτάνοντες
459 1807 493 1837 ἐν
515 1806 624 1837 Ἅιδου
648 1807 844 1845 κολάζονται,
864 1808 893 1838 οἱ
917 1809 951 1839 δὲ
975 1809 1009 1839 ἐν
1031 1809 1145 1840 Ἅιδου
1171 1810 1205 1840 ἐν
1228 1813 1272 1850 τῷ
1296 1811 1441 1851 ἡμετέρῳ
1466 1811 1535 1851 βίῳ.
1587 1811 1658 1840 Iam
1686 1811 1790 1851 igitur
1812 1819 1848 1841 ut
1870 1812 1926 1841 via
1947 1821 1988 1841 ac

199 1860 331 1889 ratione
350 1860 537 1900 disputatio
554 1866 671 1890 nostra
686 1862 863 1900 procedat,
880 1862 1025 1902 primum
1045 1873 1086 1893 ea
1103 1864 1331 1894 examinanda
1345 1871 1435 1898 sunt,
1453 1875 1542 1905 quae
1557 1871 1677 1896 contra
1693 1865 1784 1895 illam
1796 1865 1988 1896 Aristarchi

198 1914 465 1953 explicationem
478 1916 608 1945 moneri
628 1916 771 1954 possint,
795 1926 873 1946 nam
887 1926 1024 1956 semper
1043 1927 1233 1948 memorem
1254 1930 1330 1949 esse
1347 1925 1489 1959 oportet
1505 1920 1635 1950 aureoli
1658 1919 1835 1959 praecepti
1852 1919 1987 1949 Aristo-

199 1968 293 1998 telei:
318 1969 462 2008 primum
488 1970 702 2000 subeundum
729 1980 806 2000 esse
823 1971 860 2001 τὸ
873 1971 1005 2009 ἀπορεῖν
1029 1978 1064 2001 ut
1089 1971 1235 2002 fructum
1258 1973 1382 2004 deinde
1403 1983 1528 2012 capere
1553 1974 1727 2014 possimus
1749 1975 1807 2004 τοῦ
1829 1973 1986 2011 εὐπορεῖν.

199 2022 315 2061 Atque
328 2033 370 2053 ne
380 2023 565 2062 quidquam
583 2024 844 2059 dissimulemus,
861 2035 898 2055 re
920 2035 1004 2055 vera
1018 2027 1274 2056 concedendum
1290 2034 1350 2062 est,
1364 2028 1659 2067 philosophorum,
1676 2028 1732 2066 qui
1747 2027 1987 2067 migrationem

194 2076 384 2106 animarum
398 2084 542 2113 tuentur,
559 2078 696 2108 omnino
711 2077 816 2109 effata
829 2084 862 2109 et
878 2080 1006 2118 placita
1022 2080 1110 2110 talia
1126 2091 1212 2115 esse,
1226 2088 1263 2111 ut
1274 2081 1422 2111 minume
1444 2082 1598 2119 gentium
1616 2081 1734 2113 favere
1750 2081 1931 2111 videantur
1943 2080 1988 2110 illi

199 2129 389 2160 Aristarchi
407 2131 690 2171 interpretationi.
728 2133 815 2162 Nam
833 2133 864 2162 in
883 2133 956 2163 istis
970 2143 1084 2163 rerum
1106 2135 1198 2173 apud
1221 2133 1349 2164 inferos
1371 2135 1582 2174 imaginibus
1605 2140 1674 2165 tam
1698 2134 1803 2164 tristis
1820 2139 1853 2164 et
1868 2133 1986 2164 infelix

198 2189 251 2213 est
264 2184 449 2214 animarum
462 2185 642 2224 impiarum
657 2186 816 2223 conditi0‚
830 2192 866 2215 ut
882 2186 1140 2217 malefactorum
1154 2188 1441 2218 admittendorum
1457 2189 1505 2218 eis
1518 2189 1613 2218 nulla
1626 2197 1738 2227 neque
1752 2188 1862 2227 copia,
1875 2197 1988 2227 neque

203 2237 355 2276 occasio,
374 2248 485 2278 neque
504 2239 640 2278 cupido,
658 2240 761 2270 immo
772 2250 815 2270 ne
827 2241 887 2270 otii
900 2241 1037 2280 quidem
1050 2242 1118 2271 ulla
1130 2241 1410 2282 particulafuisse
1420 2243 1586 2272 videatur.
1623 2241 1808 2281 Impiorum
1822 2241 1909 2271 enim
1920 2241 1988 2271 ani-

198 2301 274 2321 mae
298 2299 377 2331 post
400 2293 530 2322 obitum
544 2293 724 2324 confestim
748 2294 781 2323 in
805 2294 864 2324 illa
888 2295 1099 2325 cruciatuum
1115 2296 1191 2326 loca
1214 2296 1414 2336 abiguntur3
1439 2296 1525 2326 Plat.
1544 2296 1698 2326 Phaedr.
1721 2305 1753 2335 p.
1764 2295 1858 2326 249³:
1879 2295 1924 2334 εἰς
1947 2295 1986 2326 τὰ

198 2345 259 2376 ὑπὸ
279 2348 337 2384 γῆς
356 2347 556 2385 δικαιωτήρια
575 2348 731 2379 ἐλθοῦσαι
749 2349 836 2386 δίκην
849 2350 1036 2380 ἐκτίνουσιν.
1065 2349 1225 2389 Orpheus
1241 2349 1274 2380 in
1287 2349 1469 2380 Tartarum
1492 2360 1551 2380 eas
1568 2350 1712 2389 ablegat
1723 2350 1815 2389 apud
1827 2349 1986 2380 Proclum
