2225 3049
1074 209 1110 239 X

195 344 200 349 ,
225 338 230 342 ,
255 311 387 341 ,amore
410 308 518 344 ἄλλοις
542 307 699 337 ἐνδεῖσθαι
722 308 826 348 Κῴοις.
889 307 944 338 De
968 305 1125 345 Orphicis
1150 306 1359 336 Aristoteles
1382 307 1480 336 testis
1507 312 1559 336 est
1588 308 1630 337 de
1663 312 1816 346 generat.
1840 308 1974 337 animal.

194 366 234 396 ΙΙ,
260 366 285 394 l.
310 373 339 401 p.
367 363 441 391 7:54³
468 362 517 391 18:
541 361 650 399 ὥσπερ
675 362 708 392 ἐν
737 363 803 399 τοῖς
825 362 1032 399 καλουμένοις
1061 361 1220 398 )Ορφε’ως
1244 360 1368 392 ἔπεσιν·
1393 361 1456 392 ἐκεῖ
1482 361 1543 399 γὰρ
1567 361 1684 399 ὁμοίως
1708 362 1789 400 φησὶ
1811 362 1974 398 γίγνεσθαι

194 419 229 448 τὸ
253 420 334 456 Ζῷον
357 419 393 455 τῇ
417 417 474 446 τοῦ
497 415 623 446 δικτύου
648 417 759 454 πλοκῇ.
817 415 853 445 In
877 424 1003 453 magna
1037 413 1267 453 Orphicorum
1302 414 1487 445 carminum
1522 416 1612 445 mole
1641 425 1743 445 unum
1771 415 1843 450 fuit,
1879 415 1974 445 cuius

197 477 369 500 auctorem
394 468 497 507 volgo
521 474 579 497 aut
601 468 802 498 Brontinum
826 474 883 497 aut
901 467 1072 506 Zopyrum
1090 468 1322 503 celebrabant,
1343 469 1397 498 cui
1414 469 1530 498 titulus
1549 475 1638 500 erat:
1661 470 1785 507 πέπλος
1801 470 1818 507 ἢ
1837 470 1973 501 δίκτυον.

193 524 315 553 Suitlas
338 532 362 552 s.
386 532 415 552 v.
446 516 597 560 Ὀρφεύς.
648 521 724 552 Hoc
750 531 836 560 opus
864 520 1063 550 rectissume
1086 521 1239 555 Lobeck‚
1268 521 1350 561 Agl.
1377 532 1410 562 p.
1434 524 1492 553 381
1531 523 1723 562 suspicatur
1750 523 1866 553 vivom
1891 523 1973 553 illud

196 582 268 606 rete
293 575 508 615 explicuisse,
532 576 624 614 quod
649 575 721 615 ipsa
746 585 857 604 rerum
875 580 997 604 natura
1013 580 1123 605 mater
1147 575 1179 604 in
1195 576 1368 605 hominum
1386 576 1587 615 corporibus
1610 576 1805 607 fabricatur.
1839 577 1972 607 Eodem

194 631 291 660 titulo
316 640 397 660 usus
419 636 471 660 est
493 630 680 669 Dionysius
701 628 897 667 Aegeensis
921 629 1084 662 medicus,
1109 629 1166 668 qui
1183 630 1340 669 corporis
1364 630 1500 660 humani
1518 636 1551 660 et
1567 631 1827 669 generationem
1851 638 1884 661 et
1900 631 1972 661 uni-

192 694 328 715 versam
352 683 522 714 officinam
548 689 782 721 enarraverat3
810 682 953 712 Photius
977 683 1051 712 cod.
1080 684 1136 714 185
1160 685 1202 723 (p.
1230 684 1286 714 129
1311 685 1361 715 ed.
1386 684 1551 721 Bekker):
1584 684 1774 722 βιβλιδάριον
1797 685 1973 716 Διονυσίου

191 739 320 776 Αἰγέως,
356 741 529 770 δικτυακών
556 738 735 775 ἐπιγραφὴν
764 737 849 774 ἕχον,
883 738 916 767 ἐν
945 737 969 777 ᾧ
997 736 1155 774 κεφάλαια
1184 737 1386 774 περιείληπτο
1410 738 1466 768 τὸν
1494 737 1629 775 ἀριθμὸν
1653 737 1694 775 ρ’.
1712 740 1839 775 πρῶτον
1867 738 1915 768 ὅτι
1943 739 1974 769 ἑξ

191 793 384 831 ἀμφοτέρων
407 793 426 830 ἡ
442 794 498 823 τοῦ
521 794 706 829 σπέρματος
730 791 889 829 καταβολὴ
919 791 968 821 καὶ
992 791 1148 826 Ζωογονία
1172 792 1235 820 κτλ.
1259 790 1346 821 conf.
1362 790 1503 821 Lobeck
1519 801 1550 830 p.
1568 792 1636 822 381.
1676 791 1854 821 Collocata
1871 791 1976 831 igitur

195 852 228 877 et
255 847 440 877 constituta
464 847 495 875 in
519 855 663 884 corpore
687 852 849 884 tanquam
874 845 906 874 in
931 844 1101 874 domicilio
1126 854 1187 873 suo
1215 844 1337 878 anima,
1361 844 1427 874 iam
1444 845 1559 884 incipit
1575 845 1688 875 fatalis
1704 845 1761 875 illa
1776 845 1974 881 necessitas,

191 911 260 940 qua
285 901 380 930 orbis
403 900 467 933 ille,
492 900 555 938 vel,
580 905 615 928 ut
639 909 658 928 a
681 899 851 928 nonnullis
876 905 1027 932 vocatur,
1052 904 1129 928 rota
1153 898 1430 928 circumvolvitur
1453 898 1652 928 iteratarum
1677 904 1711 929 et
1735 899 1975 929 alternantium

193 954 283 985 inter
306 964 343 984 se
359 953 619 993 generationum
641 959 674 982 et
691 952 853 987 funerum,
879 963 1036 992 quaeque
1052 958 1132 991 post
1156 959 1251 983 certa
1267 962 1403 991 semper
1418 953 1599 983 intervalla
1621 953 1751 983 animas
1763 960 1975 984 mortuorum

191 1009 225 1038 in
248 1009 419 1038 hominum
452 1016 568 1036 rursus
592 1012 625 1036 et
648 1007 747 1036 huius
771 1007 861 1037 vitae
890 1016 1003 1036 rerum
1032 1007 1241 1036 consortium
1270 1007 1481 1037 adscendere
1509 1007 1612 1046 cogit.
1663 1007 1763 1037 Plato
1788 1008 1976 1038 Phaedone

191 1073 223 1102 p.
248 1064 321 1093 wc:
342 1063 478 1099 παλαιὸς
503 1062 559 1099 μὲν
583 1060 640 1092 οὖν
663 1061 729 1092 ἔστι
762 1072 809 1099 τις
832 1061 940 1099 λόγος,
972 1060 1009 1091 οὗ
1034 1062 1224 1098 μεμνήμεθα,
1253 1061 1297 1099 ὡς
1322 1061 1401 1092 εἰσὶν
1424 1062 1468 1101 (αἱ
1493 1062 1604 1099 ψυχαὶ)
1629 1062 1757 1092 ἐνθένδε
1786 1062 1975 1100 ἀφικόμεναι

192 1118 264 1149 ἐκεῖ,
289 1117 338 1147 καὶ
362 1116 455 1146 πάλιν
478 1126 513 1152 γε
538 1117 633 1153 δεῦρο
657 1116 866 1153 ἀφικνοῦνται
894 1115 944 1145 καὶ
971 1115 1132 1150 γίγνονται
1153 1115 1187 1146 ἐκ
1211 1118 1273 1146 τῶν
1304 1116 1496 1146 τεθνεώτων.
1552 1115 1658 1155 Diog.
1683 1115 1744 1146 La.
1768 1115 1860 1150 VIII,
1895 1117 1912 1155 g*
1938 1118 1974 1147 14

194 1172 235 1200 cle
259 1170 475 1209 Pythagora:
504 1169 632 1207 πρῶτόν
653 1170 685 1200 τέ
708 1177 789 1207 φασι
812 1171 926 1200 τοῦτον
949 1168 1112 1206 ἀποφῆναι
1135 1169 1192 1206 τὴν
1215 1170 1319 1207 ψυχὴν
1343 1170 1458 1201 κύκλον
1478 1169 1617 1208 ἀνάγκης
1642 1170 1838 1208 ἀμείβουσαν
1861 1170 1976 1202 ἄλλοτε

193 1225 302 1262 ἄλλοις
326 1225 487 1254 ἐνδεῖσθαι
511 1225 614 1263 ζῴοις.
653 1223 798 1253 Proclus
823 1224 866 1253 ad
880 1223 966 1254 Plat.
982 1223 1074 1263 polit.
1092 1233 1122 1262 p.
1140 1223 1201 1253 696
1217 1231 1262 1262 tp.
1281 1224 1338 1254 11ss
1355 1225 1406 1254 ed.
1421 1224 1593 1263 Sc‘noell):
1619 1224 1789 1263 (Ὀρφεὺς)
1804 1225 1887 1261 λέγει
1905 1250 1910 1256 .
1929 1249 1935 1255 .
1954 1249 1975 1262 .‚

192 1279 241 1309 ὅτι
266 1279 342 1316 τοὺς
369 1279 456 1316 βίους
480 1278 664 1316 ἀμείβουσιν
689 1278 719 1308 αἱ
743 1279 841 1315 ψυχαὶ
858 1278 938 1308 κατὰ
961 1278 997 1315 δή
1015 1288 1103 1315 τινας
1120 1278 1291 1316 περιόδους
1308 1279 1358 1309 καὶ
1374 1278 1555 1309 εἰσδύονται
1575 1278 1668 1309 ἄλλαι
1685 1278 1729 1316 εἰς
1746 1278 1826 1309 ἀλλα
1842 1279 1976 1317 σώματα

192 1333 345 1370 πολλάκις
370 1332 555 1370 ἀνθρώπων.
606 1331 785 1362 Vocabula
810 1332 853 1361 acl
877 1331 1010 1362 ferreae
1033 1332 1131 1361 huius
1155 1332 1371 1362 necessitatis
1394 1333 1502 1371 legem
1526 1332 1775 1372 designandam
1798 1332 1977 1363 sollemnia

196 1392 290 1417 sunt:
338 1387 452 1425 κύκλος
477 1388 532 1424 τῆς
556 1387 718 1424 γενέσεως
742 1386 852 1416 Procl.
876 1386 961 1416 Tim.
985 1385 1026 1420 V,
1052 1387 1130 1417 330³
1153 1396 1183 1425 p.
1205 1387 1274 1420 802,
1298 1386 1352 1415 lin.
1376 1387 1388 1416 1
1416 1387 1469 1416 ed.
1492 1385 1706 1425 Schneider);
1730 1387 1765 1417 ἐν
1788 1390 1833 1427 τῷ
1857 1389 1912 1424 τῆς
1936 1387 1975 1418 εἱ-

197 1441 359 1478 μαρμένης
385 1465 389 1470 .
414 1464 420 1470 .
446 1466 451 1472 ,
476 1443 581 1481 τροχῷ
606 1440 769 1479 (Simplic.
800 1441 843 1470 ad
867 1440 971 1470 Arist.
1002 1441 1045 1471 de
1068 1441 1164 1471 coelo
1188 1441 1240 1470 ed.
1265 1440 1428 1475 Karsten,
1456 1440 1601 1472 Traiect.
1626 1442 1669 1470 ad
1692 1440 1803 1472 Rhen.
1833 1442 1919 1475 1865,
1943 1451 1974 1480 p.

195 1493 269 1526 168b
294 1496 361 1529 25›;
387 1494 592 1533 Ἀδραστείας
608 1495 727 1532 θεσμός
746 1494 846 1532 (Plat.
864 1494 1011 1525 Phaedr.
1036 1505 1068 1534 p.
1085 1495 1178 1532 2482]
1202 1494 1399 1525 Philostrat.
1423 1494 1491 1524 Vit.
1509 1494 1624 1533 Apoll.
1648 1494 1740 1529 VIII,
1766 1495 1792 1529 7,
1817 1497 1835 1526 4
1852 1505 1882 1535 p.
1906 1496 1974 1529 308,

196 1550 232 1580 12
257 1550 308 1579 ed.
333 1550 473 1589 Kayser
502 1550 601 1585 1870).

276 1691 303 1721 9.
348 1689 591 1729 Philosophiae
616 1689 659 1719 de
682 1688 887 1728 migratione
913 1689 1101 1719 animarum
1125 1690 1297 1729 principes
1319 1690 1498 1730 plurimum
1522 1691 1610 1720 inter
1633 1700 1670 1720 se
1694 1690 1891 1720 discordare

321 1744 352 1773 in
377 1743 643 1782 intervallorum,
667 1743 791 1782 quibus
815 1742 948 1772 animae
973 1745 1064 1783 apud
1088 1744 1215 1774 inferos
1238 1745 1378 1785 degunt,
1402 1745 1624 1784 amplitudine
1649 1743 1849 1775 definienda.

510 1797 763 1836 Expenduntur
786 1796 936 1827 Platonis
958 1803 991 1827 et
1015 1797 1242 1837 Orphicorum
1267 1809 1369 1838 super
1399 1810 1440 1829 ea
1463 1809 1500 1828 re
1522 1798 1656 1838 placita.

342 1878 438 1907 Nunc
462 1877 565 1917 igitur
588 1884 624 1906 ut
648 1876 720 1906 eius
743 1876 954 1915 theologiae,
987 1886 1074 1915 quae
1104 1877 1136 1906 in
1160 1877 1303 1916 egregio
1328 1877 1586 1916 palingenesiae
1610 1877 1748 1906 invento
1773 1876 1974 1906 illustrando

193 1938 360 1965 versatur,
394 1932 530 1971 plenam
566 1930 751 1970 imaginem
786 1930 1022 1964 exhibeamus,
1056 1931 1154 1970 leges
1177 1931 1261 1964 illas.
1296 1931 1418 1970 quibus
1452 1941 1496 1961 ex
1519 1931 1653 1960 illorum
1692 1930 1976 1970 philosophorum

195 1985 358 2025 opinione
383 1995 483 2015 omne
506 1985 694 2014 animarum
720 1984 811 2023 apud
843 1983 969 2014 inferos
996 1984 1237 2014 commercium
1266 1985 1556 2024 circumscriptum
1580 1984 1651 2020 fuit,
1682 1985 1874 2015 accuratius
1898 1993 1975 2014 con-

194 2040 407 2078 templemur.
465 2039 518 2069 Ac
541 2039 686 2078 primum
711 2038 858 2078 quidem,
890 2048 978 2077 quae
1006 2038 1170 2073 exoritur,
1203 2039 1360 2078 quaestio
1388 2044 1439 2069 est
1470 2040 1512 2069 de
1534 2038 1722 2069 intervallis
1748 2038 1821 2077 illis,
1853 2038 1976 2077 quibus

194 2093 276 2122 bina
299 2093 445 2122 vitarum
470 2093 582 2133 spatia
606 2093 693 2122 inter
723 2102 760 2122 se
788 2092 958 2131 dirempta
986 2092 1062 2127 sint,
1089 2102 1152 2132 per
1179 2102 1267 2131 quae
1297 2093 1389 2132 apud
1418 2092 1546 2123 inferos
1574 2092 1751 2122 animabus
1780 2093 1976 2132 degendum

196 2153 255 2177 est.
311 2147 493 2178 Plurimum
524 2147 612 2176 enim
643 2146 747 2177 refert
771 2146 868 2179 scire.
901 2156 1005 2185 quam
1038 2147 1161 2186 ampla,
1189 2157 1292 2186 quam
1330 2147 1400 2177 late
1438 2147 1593 2187 patentia
1632 2146 1689 2176 illa
1729 2146 1861 2177 fuerint.
1922 2146 1977 2177 Ac

195 2201 375 2231 Platonem
401 2201 536 2241 quidem
561 2208 677 2231 notum
702 2206 763 2235 est,
789 2200 937 2239 spatium
961 2200 1048 2230 inter
1071 2200 1170 2230 funus
1198 2206 1231 2231 et
1260 2210 1385 2230 novam
1411 2200 1672 2240 generationem
1695 2200 1786 2230 mille
1809 2210 1976 2230 annorum

196 2255 365 2286 statuisse.
411 2256 469 2285 Ad
493 2257 581 2286 hunc
605 2265 781 2286 numerum
806 2254 1057 2294 simplicissimo
1089 2255 1219 2285 calculo
1249 2255 1416 2285 deductus
1441 2261 1502 2286 est.
1551 2254 1659 2285 Totus
1686 2255 1743 2285 ille
1772 2254 1876 2290 orbis,
1906 2265 1974 2294 quo

201 2310 387 2339 secundum
405 2310 581 2340 Platonem
599 2316 677 2349 post
696 2309 853 2349 pinnulas
872 2309 1016 2338 amissas
1033 2309 1166 2339 animae
1183 2309 1472 2348 peregrinandum
1489 2314 1550 2347 est,
1574 2318 1641 2348 quo
1662 2309 1821 2339 absoluto
1840 2310 1977 2339 demum
