2225 3049
1072 233 1155 263 VIII

231 348 319 368 nono
345 334 468 364 deinde
492 342 624 362 sursum
649 332 693 361 ad
717 332 797 361 solis
820 331 931 362 lucem
956 329 1110 361 dimittit:
1137 330 1249 360 κείνων
1273 329 1374 370 ἐνάτῳ
1398 329 1460 360 ἔτεϊ
1483 329 1605 360 ἀνδιδοῑ
1627 329 1733 367 ψυχὰς
1756 329 1859 360 πάλιν.
1892 329 2005 359 Huius

233 398 392 421 annorum
419 387 550 416 numeri
575 396 731 416 caussam
756 386 885 425 optime
920 385 958 416 O.
982 384 1168 414 Muellerus
1201 383 1233 413 in
1266 383 1511 413 commentario
1539 383 1582 412 ad
1606 383 1772 423 Aeschyli
1798 382 2006 413 Eumenides

231 443 443 481 (Gottingae,
470 441 562 478 18:33)
585 450 616 480 p.
635 441 693 471 143
709 440 823 470 docuit
837 439 1060 479 repetendam
1084 447 1160 467 esse
1184 447 1228 467 ex
1249 437 1471 467 octaeteridis
1487 437 1680 476 Delphicae
1702 436 1858 467 sollemni
1881 437 2004 476 spatio.

233 495 462 527 Octaeteridis
487 495 614 534 cyclus,
637 494 669 524 in
694 495 784 524 cultu
800 493 970 532 Delphico
995 490 1297 521 celebratissumus
1321 497 1354 521 et
1377 501 1552 521 sacrorum
1569 496 1761 530 temporum
1777 501 1885 521 canon
1902 497 2006 530 atque

230 550 498 588 fundamentum,
523 548 556 578 in
578 548 752 578 criminum
779 557 916 586 quoque
940 545 1137 585 expiatione
1160 551 1329 574 sacratam
1346 545 1518 584 quandam
1541 545 1610 574 vim
1631 545 1746 575 habet.
1791 545 2006 575 Narrabatur

230 605 263 633 in
286 604 360 642 ἱερῷ
384 603 470 643 λόγῳ
494 602 718 641 Delphorum,
743 601 941 640 Apollinem
975 600 1087 639 ipsum
1112 603 1192 638 post
1217 599 1375 629 draconis
1399 599 1542 629 caedem
1569 608 1631 638 per
1660 597 1840 638 “magnum
1864 598 2006 628 annum”

231 659 322 697 apud
346 656 533 687 Admetum
558 657 757 686 servitutem
781 655 955 693 serviisse3
979 653 1150 683 Plutarch.
1175 653 1323 683 Amator
1347 653 1462 686 XVII,
1493 654 1543 683 18:
1569 649 1720 693 Ἀδμήτῳ
1743 653 1829 691 πάρα
1853 655 2005 691 θητεῦσαι

229 713 328 750 μέγαν
352 710 398 750 εἰς
422 711 576 742 ἐνιαυτόν.
606 709 689 740 conf.
715 709 753 739 O.
779 708 933 741 Mueller,
968 708 1127 738 Doriens.
1172 706 1223 741 I‘-'‚
1247 706 1316 737 325.
1353 706 1489 736 Deinde
1511 706 1695 736 Herculem
1722 711 1840 735 notum
1870 712 1921 736 est
1943 716 2006 746 per

231 775 355 796 annum
378 774 539 804 magnum
566 770 599 794 et
623 773 724 793 unum
747 773 897 793 mensem
921 762 1116 801 Eurystheo
1143 761 1336 791 audientem
1359 760 1474 800 fuisse,
1503 770 1571 799 quo
1596 760 1708 799 spatio
1733 760 1921 790 clarissima
1944 770 2006 799 per

227 821 347 850 orbem
369 824 537 849 terrarum
561 817 747 848 certamina
772 816 1015 850 exantlaverit3
1043 815 1281 855 Apollodorus
1302 817 1330 849 2,
1348 817 1377 849 5,
1395 815 1441 851 11,
1461 816 1493 845 l:
1515 815 1732 845 τελεσθέντων
1756 815 1790 845 δὲ
1814 816 1876 844 τῶν
1900 813 2007 845 ἄθλων

229 874 275 905 ἑνὶ
298 875 369 911 μηνὶ
393 874 442 904 καὶ
466 873 570 902 ἔτεσιν
593 871 684 902 ὀκτώ.
729 870 769 901 O.
794 870 980 900 Muellerus
1012 869 1220 900 acutissume
1254 868 1448 908 perspexit,
1481 878 1584 898 unum
1617 869 1707 898 illum
1738 877 1890 898 mensem
1923 868 2006 898 satis

229 927 353 958 festive
380 926 635 966 superadditum
663 925 744 954 nihil
769 924 953 964 quidquam
977 923 1144 954 reconditi
1168 922 1371 963 significare,
1402 923 1463 952 sed
1491 931 1642 952 mensem
1671 932 1747 952 esse
1769 921 2006 953 intercalarem

227 988 448 1021 postremum⁷
472 989 540 1018 quo
564 979 748 1009 octaeteris
770 978 961 1008 finiebatur.

305 1121 320 1150 Τ
339 1146 342 1150 .
389 1119 618 1159 Orphicorum
636 1119 678 1147 de
694 1117 939 1148 recurrentium
953 1116 1215 1155 generationum
1234 1123 1267 1146 et
1283 1115 1439 1146 funerum
1455 1117 1539 1146 orbe
1555 1116 1682 1155 placita
1699 1126 1757 1146 cur
1773 1115 1924 1146 Pindaro

436 1182 597 1202 maxume
619 1172 817 1211 placuerint.
841 1189 879 1192 —
903 1170 1045 1210 Dogma
1068 1170 1267 1209 Orphicum:
1292 1170 1440 1199 animam
1465 1169 1607 1200 caelitus
1631 1180 1650 1199 a
1673 1170 1784 1200 ventis

504 1227 536 1256 in
560 1236 707 1264 corpora
730 1224 863 1259 deferri,
887 1225 1090 1264 religionem
1112 1224 1265 1254 Atticam
1289 1224 1548 1263 Tritopatorum
1569 1224 1736 1255 redolere.

372 1306 486 1336 Unum
515 1305 620 1345 igitur
649 1311 709 1341 est,
743 1305 833 1343 quod
867 1313 930 1343 pro
969 1309 1063 1334 certo
1088 1312 1176 1333 nunc
1199 1303 1420 1342 pronuntiare
1443 1303 1540 1333 licet:
1584 1302 1753 1333 Pindarus
1776 1302 2004 1342 Orphicorum

224 1360 306 1390 illud
330 1360 502 1390 inventum
528 1360 571 1389 de
593 1364 737 1397 peccato
763 1358 911 1397 quodam
934 1357 1150 1397 primigenio,
1175 1362 1323 1396 propter
1346 1357 1439 1396 quod
1463 1367 1506 1386 ex
1524 1357 1700 1396 superiore
1716 1356 1787 1387 vita
1806 1363 1840 1387 et
1857 1367 1901 1387 ex
1923 1358 2004 1388 deo-

225 1424 299 1444 rum
324 1420 422 1444 coetu
446 1414 579 1443 animae
602 1418 741 1442 nostrae
765 1412 798 1442 in
821 1412 919 1442 huius
943 1418 1056 1442 terrae
1079 1412 1177 1441 triste
1201 1411 1341 1441 exilium
1367 1411 1522 1441 deiectae
1546 1411 1620 1444 sint,
1648 1417 1684 1441 ut
1708 1412 2004 1450 pretiosissumum

227 1469 375 1508 aliquem
399 1469 596 1498 thesaurum
612 1467 644 1497 in
666 1474 786 1507 pectus
805 1477 900 1497 suum
925 1467 1055 1506 recepit
1079 1472 1112 1496 et
1136 1466 1340 1496 carminibus
1355 1466 1424 1495 suis
1447 1466 1664 1505 propagavit.
1704 1465 1777 1495 Iam
1801 1467 1868 1496 hoc
1891 1466 2006 1505 priore

227 1522 392 1561 expedito
417 1521 459 1551 tle
482 1521 592 1550 altero
616 1530 704 1551 nunc
726 1521 824 1550 huius
848 1519 1088 1559 philosophiae
1112 1518 1284 1559 Orphicae
1309 1525 1342 1550 et
1360 1519 1607 1559 Pythagoreae
1628 1519 1796 1559 principio
1820 1520 2005 1551 videndum

227 1582 287 1613 est,
312 1577 354 1606 de
378 1576 461 1605 orbe
484 1575 542 1605 illo
567 1574 664 1604 fatali
687 1575 832 1615 (κύκλῳ),
855 1584 922 1613 quo
946 1574 1077 1604 animas
1105 1580 1242 1603 nostras
1270 1574 1302 1603 in
1325 1574 1414 1604 hanc
1437 1579 1563 1604 terram
1585 1575 1760 1614 relegatas
1784 1574 2006 1605 circumvolvi

226 1631 273 1660 illi
298 1630 412 1660 dicunt
436 1640 511 1660 eum
536 1629 569 1659 in
591 1629 741 1664 modurn,
764 1634 801 1658 ut
824 1629 921 1658 novis
945 1638 1081 1668 semper
1103 1628 1385 1668 generationibus
1415 1628 1448 1657 in
1470 1638 1617 1668 corpora
1640 1628 1885 1668 ingrediantur,
1907 1628 2006 1659 novis

228 1695 364 1724 semper
386 1683 561 1714 funeribus
591 1684 636 1713 ad
670 1682 797 1713 inferos
821 1683 1044 1720 descendant,
1077 1683 1196 1722 donec,
1231 1682 1258 1711 si
1287 1682 1390 1712 modo
1414 1692 1561 1722 unquam
1594 1682 1627 1712 id
1663 1689 1926 1722 consequantur,
1961 1683 2006 1713 ab

223 1739 315 1769 omni
337 1739 416 1768 labe
450 1744 620 1777 purgatae
654 1738 686 1767 in
709 1737 786 1767 illas
813 1738 915 1768 sedes
946 1738 1129 1767 beatorum
1153 1743 1186 1766 et
1211 1737 1255 1766 ad
1279 1747 1354 1766 eam
1380 1735 1577 1767 felicitatem
1602 1738 1753 1772 redeant,
1779 1738 1820 1767 de
1845 1747 1913 1776 qua
1934 1743 2006 1767 tam

223 1795 364 1834 pulchre
380 1793 550 1823 Pindarus
567 1792 653 1822 dixit
671 1792 781 1831 (Stob.
798 1792 873 1823 flor.
892 1793 960 1825 103,
978 1793 1023 1830 6);
1048 1791 1244 1829 εὐδαιμόνων
1268 1792 1429 1830 δραπέτας
1452 1791 1510 1822 οὐκ
1534 1791 1620 1822 ἔστιν
1641 1791 1747 1830 ὄλβος.
1771 1791 1844 1821 Iam
1860 1791 2006 1831 primum

224 1847 267 1876 de
289 1847 341 1876 his
365 1846 556 1885 priscorum
581 1851 696 1875 vatum
722 1851 755 1875 et
772 1845 1061 1884 philosophorum
1086 1845 1233 1876 decretis
1258 1846 1285 1875 si
1305 1846 1338 1875 in
1358 1846 1553 1876 universum
1574 1846 1790 1876 iudicandum
1814 1846 1870 1878 sit:
1893 1856 2007 1876 nonne

222 1902 309 1931 haec
337 1910 473 1940 quoque
497 1900 632 1929 sublimi
657 1900 806 1939 quadam
831 1900 1050 1939 simplicitate
1073 1900 1231 1939 praedita
1254 1900 1428 1940 ingentem
1453 1901 1497 1930 ad
1519 1900 1678 1931 virtutem
1698 1901 1878 1931 amandam
1901 1901 2011 1940 impe-¹

224 1961 295 1985 tum
310 1954 508 1985 continent?
525 1953 622 1993 Quae
640 1963 769 1993 quaeso
783 1964 930 1993 unquam
947 1953 1254 1993 Peripateticorum
1264 1955 1550 1985 Academicorum
1561 1954 1753 1986 Stoicorum
1764 1954 2009 1985 minutissimae

224 2008 256 2038 in
280 2008 468 2039 dialecticis
492 2009 702 2038 subtilitates
718 2014 751 2038 et
769 2008 967 2047 elegantiae
984 2015 1053 2038 tam
1071 2007 1230 2038 efficaces
1251 2008 1385 2039 fuerunt
1409 2009 1452 2038 ad
1470 2009 1633 2039 virtutem
1654 2009 1879 2046 excitandam,
1904 2018 2007 2048 quam

224 2063 309 2093 haec
333 2063 498 2102 simplicia
522 2062 635 2096 effata.
660 2072 749 2102 quae
773 2062 972 2093 caelestium
1007 2072 1120 2093 rerum
1146 2069 1179 2092 et
1206 2063 1341 2093 divinae
1365 2073 1469 2093 aurae
1493 2063 1664 2094 desiderio
1687 2063 1818 2093 animas
1840 2063 2008 2093 humanas

227 2117 423 2156 implebant,
448 2127 538 2156 quae
561 2117 679 2147 oculos
694 2117 868 2146 hominum
891 2117 924 2146 in
948 2117 1034 2146 illius
1057 2117 1217 2147 caelestis
1233 2117 1365 2156 patriae
1379 2118 1530 2156 imagine
1546 2117 1679 2148 defixos
1695 2119 1871 2152 tenebant,
1895 2127 2008 2157 neque

229 2181 375 2210 unquam
399 2172 618 2201 dextrorsum
641 2171 918 2201 sinistrorsumve
942 2172 986 2200 ad
1006 2177 1120 2201 terrae
1142 2171 1285 2201 blandas
1306 2171 1444 2202 fraudes
1469 2177 1502 2201 et
1524 2171 1691 2202 lenocinia
1714 2173 1876 2202 aberrare
1900 2171 2009 2211 patie-

226 2226 374 2255 bantur?
419 2225 464 2255 Hi
488 2232 565 2255 sunt
590 2224 747 2264 profecto
771 2225 817 2254 illi
843 2224 1000 2255 Sirenum
1024 2230 1151 2259 cantus,
1179 2225 1235 2264 qui
1260 2225 1448 2255 Pindarum
1483 2232 1655 2265 ceperunt,
1680 2225 1775 2256 cuius
1798 2225 1911 2255 anima
1934 2225 2010 2264 ipsa

223 2289 363 2319 quoque
398 2280 582 2309 caelestem
616 2279 707 2308 illam
737 2279 885 2318 patriam
917 2278 1014 2308 unice
1048 2279 1252 2309 intuebatur.
1299 2279 1397 2309 Haec
1423 2286 1500 2309 sunt
1531 2280 1587 2309 illa
1618 2279 1721 2309 divini
1750 2286 1852 2319 potus
1875 2279 2007 2318 pocula,

221 2334 346 2373 quibus
376 2340 496 2372 pectus
527 2333 582 2362 ille
615 2342 711 2362 suum
737 2333 882 2372 irrigare
911 2332 1080 2372 cupiebat.
1124 2331 1223 2363 Haec
1255 2333 1324 2363 alta
1357 2344 1442 2364 voce
1474 2334 1681 2364 clamabant:
1717 2343 1849 2364 sursum
1884 2333 2002 2363 corda!
