2225 3049
1194 229 1244 259 VI

329 351 410 371 vere
427 348 471 369 ex
488 336 552 366 illis
570 334 785 372 antiquorum
801 331 1081 372 philosophorum
1097 329 1219 360 laceris
1234 327 1387 358 frustulis
1404 334 1437 357 et
1458 325 1610 356 disiectis
1626 326 1775 365 reliquiis
1791 333 1914 360 tamen,
1940 330 2101 365 tanquam

331 394 553 429 Gorgoneum
577 394 688 427 caput,
713 386 856 416 sublime
879 385 963 415 illud
987 389 1020 414 et
1036 383 1188 414 terribile
1211 382 1339 420 dogma
1362 380 1514 411 exoritur
1530 385 1563 409 et
1582 389 1619 409 se
1641 380 1740 410 nobis
1757 379 1870 411 offert:
1907 378 1968 418 Tu,
1991 379 2104 409 anima

330 429 491 478 mort-alis,
519 448 555 472 tu
585 451 629 471 ex
657 441 728 470 vita
756 440 835 470 olim
863 439 1075 470 beatissuma
1105 436 1208 466 divini
1231 435 1392 465 consortii
1420 433 1650 473 contemptrix
1682 439 1800 473 tuapte
1823 434 1924 473 culpa
1951 433 1983 462 in
2005 433 2102 463 huius

330 507 442 529 terrae
466 504 668 532 maerorem,
691 495 827 531 luctum,
851 493 1009 523 lacrimas
1033 489 1198 521 decidisti.
1249 488 1300 518 Tu
1323 488 1490 527 peccasti;
1521 487 1570 517 tui
1600 487 1662 516 tibi
1687 488 1821 526 peccati
1842 497 1958 527 poena
1978 487 2105 517 luenda

329 552 394 582 est!
417 550 514 581 Haec
540 548 709 580 cantilena
725 548 798 578 dies
813 553 1002 585 noctesque
1017 545 1049 574 in
1065 553 1166 574 aures
1184 542 1283 572 nobis
1304 552 1340 572 se
1358 541 1560 576 insusurrat:
1583 551 1624 571 ea
1647 541 1802 571 omnibus
1825 551 1862 571 se
1875 540 2002 570 nostris
2025 540 2103 570 otiis

329 612 361 635 et
377 603 536 644 negotiis,
559 601 696 642 gaudiis
713 607 746 631 et
762 601 850 632 curis
867 599 1000 639 ingerit.
1038 598 1168 628 Verum
1186 597 1273 626 enim
1290 605 1383 630 vero,
1408 595 1451 625 sit
1464 596 1522 625 illa
1537 601 1649 630 atrox,
1669 595 1803 628 acerba,
1826 595 1978 625 horrida:
2002 604 2104 624 unum

327 659 443 689 hercle
467 662 528 693 est,
551 666 619 696 quo
642 654 781 685 mirifice
806 661 840 684 et
858 654 955 683 unice
979 653 1023 682 ad
1047 652 1191 681 salutem
1213 658 1366 680 nostram
1396 649 1520 680 efficax
1544 656 1605 682 est,
1631 659 1698 688 quo
1722 648 1830 678 omnis
1853 649 1924 679 eius
1946 648 2107 679 molestia

329 717 572 752 compensatur
597 717 630 740 et
652 710 836 748 mitigatur.
874 707 1009 737 Etenim
1031 707 1096 736 hac
1119 706 1162 735 de
1186 710 1332 744 peccato
1355 703 1559 743 primigenio
1583 703 1753 733 sententia
1773 703 1860 733 duce
1883 709 1917 733 et
1937 703 2107 743 magistra

328 769 372 798 ad
395 767 555 797 virtutem
578 765 760 795 amandam
786 770 819 793 et
842 763 887 792 ad
908 762 991 793 vitia
1017 760 1183 800 fugienda
1205 759 1253 788 ita
1273 758 1460 792 incitamur,
1485 757 1659 792 trahimur,
1693 756 1855 796 rapimur,
1887 762 1924 786 ut
1947 758 2010 787 sub
2033 756 2106 787 eius

329 821 435 861 signis
457 820 681 850 militantibus
704 817 804 847 nobis
819 817 885 846 iam
907 816 989 846 nihil
1013 814 1086 845 sine
1101 815 1227 843 virtute
1250 821 1375 847 carum,
1398 811 1489 845 nihil,
1513 811 1545 840 in
1568 821 1637 850 quo
1661 811 1733 840 vitii
1747 811 1803 841 vel
1826 811 1948 840 umbra
1964 811 2017 844 sit.
2038 822 2106 842 non

330 875 486 906 odiosum
511 881 544 905 et
567 884 635 903 non
660 871 925 902 abominandum
947 869 1057 900 videri
1079 868 1199 908 possit.

477 927 548 959 Sed
572 932 713 966 quaerat
737 925 867 964 aliquis,
893 934 951 954 cur
975 924 1114 954 tandem
1137 928 1208 952 tam
1232 921 1374 961 copiose
1396 919 1601 959 prolixeque
1625 918 1852 958 Orphicorum
1877 925 1910 949 et
1929 919 2110 959 Pythago÷

329 992 466 1013 reorum
483 982 525 1011 (le
541 986 685 1020 peccato
702 978 905 1019 primigenio
922 983 1115 1007 commenta
1131 986 1218 1006 nunc
1236 974 1506 1014 disceptarimus.
1533 973 1647 1003 Unum
1659 973 1774 1003 hercle
1790 980 1826 1003 ut
1838 973 2107 1004 ostenderemus.

329 1036 524 1066 Pindarum.
549 1044 624 1064 cum
640 1034 706 1063 hoc
726 1033 853 1072 dogma
869 1037 944 1062 toto
964 1031 1077 1060 animo
1099 1029 1232 1060 imbibit
1249 1036 1282 1059 et
1306 1029 1485 1067 amplexus
1502 1034 1562 1064 est,
1587 1036 1744 1057 caussam
1768 1027 1850 1057 satis
1867 1027 2000 1066 iustam,
2023 1027 2109 1057 satis

328 1099 480 1129 gravem.
506 1088 654 1126 denique
676 1086 750 1126 ipsi,
773 1086 883 1125 qualis
906 1085 1044 1124 quidem
1070 1084 1141 1117 fuit.
1168 1082 1443 1113 indeclinabilem
1467 1081 1639 1111 habuisse.
1700 1080 1788 1110 Nam
1812 1082 1957 1111 ardebat
1978 1082 2012 1112 in
2037 1083 2109 1112 eius

329 1152 466 1182 quoque
490 1147 631 1181 pectore
664 1141 758 1170 haud
781 1140 899 1178 minus,
934 1148 1036 1178 quam
1061 1139 1094 1168 in
1117 1137 1205 1167 illius
1238 1136 1355 1176 placiti
1379 1135 1706 1174 sapientissimorum
1740 1135 1954 1165 inventorum
1988 1136 2109 1166 animis

328 1196 462 1227 virtutis
495 1195 690 1225 flammeum
716 1200 749 1224 et
779 1193 1007 1224 inenarrabile
1031 1193 1179 1223 studium
1204 1199 1237 1221 et
1261 1190 1420 1221 caelestis
1443 1189 1585 1229 patriae,
1609 1195 1727 1218 nostra
1750 1189 1851 1228 culpa
1873 1189 2029 1226 amissae,
2053 1191 2110 1222 de-

329 1250 496 1281 siderium.
552 1248 623 1280 Sed
655 1248 757 1278 audio
781 1248 847 1277 iam
871 1247 1110 1277 cavillatorum
1135 1253 1168 1276 et
1190 1245 1366 1275 irrisorum
1389 1254 1504 1278 voces
1541 1243 1597 1282 qui
1619 1243 1804 1273 Pindarum
1828 1249 1982 1283 carpant,
2015 1246 2111 1284 quod

329 1304 582 1344 philosophiam
606 1313 649 1333 ex
672 1308 772 1342 parte
794 1302 997 1332 delirantem
1020 1307 1054 1331 et
1077 1300 1229 1330 absurda
1260 1304 1468 1329 statuentem
1491 1303 1628 1327 secutus
1652 1297 1705 1331 sit,
1736 1307 1824 1336 quae
1851 1307 1920 1327 non
1945 1298 2112 1329 dubitarit

329 1359 524 1392 decernere,
556 1357 685 1387 animas
708 1357 874 1386 humanas
905 1355 937 1385 in
969 1356 1148 1385 brutorum
1171 1353 1366 1384 animalium
1389 1362 1537 1392 corpora
1571 1351 1720 1382 introire.
1776 1351 1903 1382 Audio.
1955 1351 2112 1383 Noverat

328 1413 498 1443 Pindarus
521 1412 703 1451 paradoxa
715 1411 772 1440 illa
796 1409 925 1441 omnia:
948 1415 1093 1439 noverat
1116 1418 1252 1448 quoque
1269 1408 1363 1437 haud
1383 1406 1486 1436 dubie
1508 1405 1721 1435 historiolam
1739 1404 1891 1445 profanis
1915 1406 2111 1443 absurdam,

329 1467 481 1497 cordatis
503 1466 750 1497 suavissimam.
784 1475 872 1504 quae
895 1464 1152 1503 quodammodo
1175 1463 1476 1493 deliramentorum
1499 1460 1814 1500 Pythagoricorum
1838 1459 1871 1489 in
1892 1460 1959 1489 hoc
1981 1469 2112 1499 genere

330 1530 491 1552 cacumen
513 1526 547 1550 et
571 1519 749 1558 exemplar
764 1524 824 1553 est,
848 1519 890 1548 de
907 1527 974 1557 qua
990 1517 1023 1547 in
1038 1516 1188 1547 carmine
1207 1525 1268 1546 suo
1282 1515 1520 1554 Xenophanes
1535 1515 1724 1544 rettulerat.
1768 1513 1991 1553 Pythogoras
2011 1513 2109 1552 enim,

331 1585 406 1605 curn
429 1574 644 1614 praeteriens
667 1573 770 1603 catuli
794 1572 976 1602 crudeliter
999 1571 1194 1610 vapulantis
1222 1570 1453 1600 miserandum
1476 1569 1641 1598 ululatum
1671 1567 1832 1601 audisset.
1864 1567 2036 1598 dominum
2057 1567 2112 1598 his

330 1628 445 1658 verbis
468 1627 679 1667 increpuisse
702 1626 823 1657 fertur:
849 1625 988 1660 Desine,
1011 1635 1091 1655 narn
1118 1624 1217 1655 amici
1239 1624 1414 1663 quondam
1438 1623 1503 1653 mei
1526 1623 1639 1652 anima
1669 1628 1730 1656 est,
1754 1631 1856 1660 quam
1879 1621 1912 1651 in
1936 1622 1985 1652 tui
2008 1622 2112 1652 catuli

331 1683 458 1713 eiulatu
481 1681 618 1721 agnovi.
662 1680 901 1719 Xenophanes
924 1689 977 1718 ap.
1002 1679 1108 1718 Diog.
1131 1678 1190 1709 La.
1213 1677 1305 1711 Vm.
1329 1679 1356 1715 ξ.
1381 1678 1436 1708 36:
1481 1677 1532 1707 καὶ
1554 1677 1631 1707 ποτέ
1664 1687 1714 1713 μιν
1737 1676 2007 1714 στυφελιζομένου
2035 1676 2112 1707 σκύ-

330 1740 428 1775 λακος
456 1737 613 1774 παριόντα
629 1736 639 1749 ¹³
656 1736 759 1774 φασὶν
787 1735 985 1772 ἑποικτεῑραι,
1015 1734 1065 1764 καὶ
1092 1733 1165 1764 τόδε
1189 1733 1312 1771 φάσθαι
1336 1732 1426 1770 ἔπος·
1443 1732 1454 1770 ’ζ
1471 1731 1609 1767 Παῦσαι,
1642 1731 1719 1768 μηδὲ
1747 1730 1862 1768 ῥάπιζ’·
1893 1730 1982 1767 ἐπειὴ
2013 1730 2112 1768 φίλου

331 1792 446 1830 ἀνέρος
471 1792 538 1822 ἐστὶ
554 1792 565 1812 ’ἲ
582 1791 680 1828 ψυχὴ,
704 1791 760 1827 τὴν
779 1790 880 1826 ἔγνων
904 1788 1124 1826 φθεγξαμένης
1147 1787 1233 1818 ἀῖων.
1267 1786 1337 1817 Sed
1359 1785 1516 1825 quamvis
1541 1785 1623 1815 talia
1642 1784 1778 1824 volgari
1799 1784 1973 1814 hominum
1998 1784 2114 1814 sensui

333 1852 366 1876 et
388 1845 467 1875 olim
492 1844 716 1875 deliramenta
736 1843 810 1872 visa
832 1843 898 1872 sint
922 1849 954 1872 et
977 1851 1065 1871 nunc
1085 1851 1152 1871 non
1175 1841 1284 1870 minus
1300 1840 1449 1871 fortasse
1471 1840 1661 1873 videantur,
1684 1846 1798 1869 tamen
1822 1839 1908 1868 haec
1923 1838 2113 1868 Pindarum

331 1909 504 1938 nunquam
528 1898 788 1938 impediverunt,
823 1896 1004 1936 quominus
1038 1895 1126 1925 illius
1160 1895 1398 1934 philosophiae
1426 1894 1626 1933 principalia
1661 1892 1766 1923 effata
1798 1891 2050 1931 sapientissima.
2078 1896 2114 1922 et

331 1952 559 1993 pulcherrima
582 1953 758 1983 iudicaret.

440 2094 467 2124 5.
512 2092 699 2122 Pindarum
723 2091 755 2121 in
778 2091 1005 2130 pulcherrimo
1029 2090 1158 2121 Threni
1181 2089 1376 2130 fragmento
1399 2089 1489 2129 apud
1513 2089 1599 2119 Plat.
1622 2088 1759 2118 Menon.
1784 2097 1814 2127 p.
1838 2085 1897 2118 Slb
1922 2087 2006 2117 satis

559 2146 650 2177 clare
674 2146 716 2176 de
739 2151 883 2185 peccato
907 2144 1114 2184 primigenio
1139 2144 1317 2178 disserere,
1342 2154 1404 2184 pro
1427 2154 1494 2183 quo
1518 2143 1573 2173 vel
1596 2142 1887 2173 sanctissimorum

851 2199 1024 2229 hominum
1047 2199 1168 2228 animis
1190 2207 1324 2237 poenae
1347 2197 1493 2227 luendae
1516 2197 1590 2227 sint.

480 2281 587 2311 Extat
610 2280 713 2320 igitur
736 2280 830 2310 locus
853 2279 1006 2318 inprimis
1028 2278 1221 2308 luculentus
1244 2287 1288 2307 ex
1311 2277 1450 2307 Pindari
1475 2277 1588 2316 aliquo
1613 2277 1734 2306 threno
1759 2276 1970 2315 desumptus,
2000 2284 2114 2314 quem,

332 2342 368 2365 ut
391 2335 567 2374 ingeniose
589 2334 785 2364 Boeckhius
809 2335 852 2363 ad
875 2333 1014 2363 Pindari
1037 2332 1234 2372 fragmenta
1257 2342 1289 2371 p.
1313 2332 1383 2366 624,
1414 2331 1469 2362 lin.
1498 2331 1532 2361 16
1556 2330 1756 2369 suspicatur,
1787 2329 1820 2359 in
1844 2328 1995 2369 Gelonis,
2019 2328 2115 2368 regis
