2225 3049
1018 244 1124 275 XVII

188 342 232 379 τῷ
253 341 407 381 Διονύσῳ
424 341 474 371 καὶ
486 343 522 379 τῇ
537 340 619 381 Κόρῃ
644 341 829 378 τελούμενοι
850 342 957 378 τυχεῖν
974 340 1131 379 εὔχονται,
1155 340 1270 371 κύκλου
1284 341 1310 371 τ’
1335 340 1374 370 ἄν
1397 342 1484 377 λῆξαι
1501 343 1550 373 καὶ
1566 342 1763 375 ἀναπνεῦσαι
1780 344 1965 382 κακότητος.

189 394 243 424 Ac
265 394 397 424 Platoni
430 394 567 433 quidem
603 395 647 424 ad
670 404 746 424 eam
776 394 1008 433 expiationem
1031 393 1275 432 perficiendam
1310 394 1402 424 mille
1439 395 1573 425 demum
1609 407 1772 427 annorum
1802 398 1966 437 periodus

188 447 345 478 sufficere
378 448 451 478 visa
491 453 551 479 est.
601 447 740 487 Orphici
775 449 876 487 longe
914 447 1074 478 breviore
1112 448 1224 487 spatio
1258 447 1407 478 contenti
1456 447 1560 478 fuisse
1592 450 1756 482 videntur.
1814 452 1965 482 Mediam

188 501 332 540 denique
365 501 452 531 inter
474 501 538 532 hos
569 502 729 532 terminos
762 502 851 531 viam
880 502 1089 541 Pythagorei
1125 508 1318 532 tenuerunt.
1376 502 1557 532 Praeterea
1592 513 1692 534 unum
1723 507 1965 537 observatione

188 555 327 594 dignum
351 560 412 594 est,
436 555 469 585 in
491 565 560 595 quo
577 556 736 586 convenit
753 555 980 595 Pythagoreis
1005 565 1080 601 cum
1098 555 1267 594 Orphicis.
1312 555 1357 585 Hi
1382 556 1484 585 ambo
1500 566 1566 585 non
1590 567 1689 587 unum
1708 569 1843 599 semper
1859 560 1964 590 idem-

187 619 253 648 que
276 609 433 640 omnibus
451 609 628 639 animabus
644 609 791 648 spatium
805 609 1036 639 commorandi
1061 610 1153 648 apud
1172 609 1303 639 inferos
1318 609 1623 649 praescripserunt.
1652 612 1751 641 immo
1767 620 1869 652 prout
1882 624 1964 644 una-

187 672 346 701 quaeque
369 663 401 692 in
424 663 495 692 vita
520 668 578 693 aut
599 664 688 693 bene
712 669 770 692 aut
795 663 884 692 male
900 663 1170 698 commeruisset,
1197 669 1256 693 aut
1272 664 1467 694 breviorem
1486 664 1515 694 ei
1535 670 1594 694 aut
1609 666 1852 703 porrectiorern
1875 677 1964 697 com-

186 716 388 746 morationis
411 717 503 756 apud
526 715 654 746 inferos
677 716 857 746 terminum
874 723 1072 747 sanxerunt.
1115 717 1191 746 Hoc
1218 727 1261 748 ex
1284 718 1504 748 electissuma
1526 718 1675 757 quadarn
1700 721 1790 757 apud
1807 720 1963 751 Servium

188 769 474 808 disputatiuncula
496 777 651 809 apparet,
675 779 742 809 qua
758 770 786 798 is
803 779 847 799 ex
864 770 1037 800 uberrimo
1057 771 1234 801 doctrinae
1259 771 1354 801 fonte
1372 772 1469 810 quasi
1491 772 1661 811 guttulam
1677 773 1775 802 nobis
1795 775 1964 813 adspersit

187 824 230 853 ad
254 823 360 862 Verg.
385 823 472 853 Aen.
496 823 554 857 VI,
580 824 652 853 745:
680 822 867 863 quaerz'lur,
896 825 1009 852 afrum
1039 823 1173 853 animae
1195 828 1257 864 per
1284 824 1476 864 apollzcasin
1500 849 1506 855 .
1535 852 1540 857 .
1564 850 1570 856 .
1586 825 1721 866 possz'nf
1748 828 1871 856 mcrsm‘
1888 832 1962 867 fer-

181 879 315 916 peluam
332 876 556 910 vacalz'oncm:
578 877 667 917 quod
680 887 746 907 mm
761 879 869 917 potest
881 876 977 918 fieri.
1015 877 1194 907 kam‘nr
1216 878 1306 908 cmm
1323 878 1480 919 temporis
1496 879 1605 916 mulli,
1629 890 1696 909 non
1706 881 1963 920 perpcfm'lafss:

186 933 218 960 ef
238 940 321 971 quac·
337 930 422 960 male
436 929 609 970 r'lsstcrlmf,
631 930 745 961 stasim
759 931 917 964 radentia·
940 941 1023 971 qnae
1039 931 1168 966 mclins,
1192 931 1346 963 lardsus:
1368 943 1451 972 {Jeme
1467 932 1596 974 optime,
1612 933 1807 964 diutissima
1823 937 1964 976 {eulpam

184 986 265 1013 smzl
290 994 363 1014 cum
391 983 598 1016 nmm‘m'bns.
647 985 776 1014 Rmcac
804 987 914 1014 famen
940 987 1029 1019 sums,
1057 995 1140 1026 quar
1163 988 1195 1015 et
1217 985 1309 1026 ipsae
1331 986 1491 1026 exzjgrcnfe
1513 987 1655 1023 rafl'ont',
1684 987 1762 1018 lz'ccf
1789 990 1893 1022 sarde.
1914 1000 1962 1019 (0-

181 1040 317 1077 guntnr
340 1037 470 1067 rcrertz'.

262 1217 305 1245 15.
350 1215 485 1246 Pindari
507 1217 618 1246 locum
643 1217 901 1248 celeberrimum
926 1217 978 1248 Ol.
1002 1217 1043 1247 ΙΙ.
1067 1218 1115 1250 623,
1150 1218 1206 1256 qui
1237 1219 1442 1256 paradoxon
1475 1219 1637 1250 continet:
1672 1220 1802 1251 animas
1827 1231 1890 1260 pro

364 1270 497 1300 delictis
519 1271 611 1309 apud
631 1270 757 1301 inferos
778 1272 968 1301 commissis
989 1271 1043 1301 hic
1067 1271 1099 1300 in
1122 1277 1215 1301 terra
1235 1272 1348 1310 plecti,
1375 1274 1550 1311 quomodo
1575 1273 1704 1313 antiqui
1727 1274 1793 1304 iam

510 1324 715 1363 interpretes
738 1325 856 1364 pingui
880 1325 1037 1354 Minerva
1062 1324 1261 1355 difficultate
1285 1326 1433 1356 liberare
1458 1327 1634 1358 studerint.

330 1415 394 1446 His
416 1416 465 1446 ita
487 1416 678 1446 constitutis
707 1417 752 1445 ad
775 1415 960 1446 Pindarum
985 1425 1073 1446 nunc
1095 1417 1310 1447 redeundum
1334 1423 1396 1452 est,
1422 1418 1478 1457 qui
1510 1418 1542 1448 in
1566 1418 1740 1458 plerisque
1763 1418 1836 1450 fere
1859 1421 1962 1451 rebus

187 1469 415 1509 Orphicorum
440 1476 473 1500 et
489 1470 790 1510 Pythagoreorum
814 1470 912 1509 signa
934 1477 1069 1501 secutus
1093 1470 1124 1499 in
1148 1481 1215 1500 una
1237 1482 1346 1511 eaque
1368 1472 1575 1512 gravissima
1598 1473 1696 1502 huius
1719 1472 1962 1512 philosophiae

182 1530 283 1564 parte
307 1524 515 1563 singularem
538 1525 741 1555 sententiam
769 1524 945 1563 professus
969 1531 1030 1556 est.
1086 1524 1173 1554 Nam
1196 1526 1271 1556 loco
1300 1525 1356 1555 illo
1380 1526 1663 1562 celebratissimo,
1692 1526 1749 1557 ubi
1775 1528 1818 1557 de
1842 1534 1962 1559 mutua

182 1577 326 1614 ratione,
350 1587 436 1616 quae
457 1578 535 1608 huic
558 1578 591 1608 in
615 1579 695 1609 solis
711 1579 787 1609 luce
808 1578 899 1608 vitae
923 1589 998 1609 cum
1021 1579 1078 1608 illa
1100 1579 1294 1609 umbrarum
1319 1580 1411 1619 apud
1434 1579 1561 1610 inferos
1584 1579 1782 1615 intercedat,
1807 1581 1960 1620 exponit,

182 1632 268 1662 haec
290 1632 361 1662 alta
383 1642 468 1662 voce
491 1632 590 1663 dicit:
615 1633 792 1662 ambarum
817 1642 933 1662 earum
956 1633 1102 1662 vitarum
1125 1633 1190 1663 hoc
1215 1643 1292 1663 esse
1309 1634 1486 1667 vinculum,
1511 1640 1547 1664 ut
1571 1634 1696 1664 delicta
1718 1635 1786 1665 illic
1809 1636 1960 1666 admissa

180 1685 235 1716 hic
258 1695 362 1725 supra
384 1686 417 1715 in
433 1691 525 1716 terra
546 1696 676 1726 poenas
702 1687 868 1726 pendant;
893 1694 997 1726 atque
1019 1696 1060 1716 ea
1075 1687 1233 1721 vicissim,
1253 1696 1395 1726 quorum
1418 1688 1503 1717 haec
1526 1688 1597 1717 vita
1613 1698 1736 1718 scaena
1760 1688 1869 1724 fuerit,
1894 1689 1960 1720 illic

181 1741 272 1780 apud
295 1739 422 1770 inferos
451 1741 658 1779 plectantur;
685 1741 780 1771 Pind.
812 1740 863 1771 Ol.
895 1741 935 1776 II,
965 1741 1004 1771 63
1035 1741 1086 1771 ed.
1113 1740 1254 1770 Christ.:
1290 1740 1377 1772 οἶδεν
1408 1742 1444 1771 τὸ
1473 1742 1596 1779 μέλλον,
1612 1741 1624 1781 Η
1640 1741 1687 1772 ὅτι
1714 1743 1881 1774 Θανόντων
1904 1744 1961 1781 μὲν

181 1794 286 1826 ἐνθάδ’
311 1794 408 1825 αὐτίκ’
433 1794 615 1832 ἀπάλαμνοι
637 1796 756 1833 φρένες
772 1795 783 1834 Η
800 1795 916 1833 ποινὰς
939 1795 1055 1832 ἔτισαν,
1078 1795 1117 1825 τὰ
1140 1795 1163 1825 δ’
1183 1795 1216 1825 ἐν
1238 1797 1313 1834 τᾷδε
1330 1795 1411 1832 Διὸς
1427 1795 1508 1835 ἀρχᾷ
1524 1795 1535 1834 ΙΙ
1549 1795 1659 1834 ἀλιτρὰ
1675 1797 1755 1827 κατὰ
1769 1798 1828 1834 γᾶς
1844 1797 1961 1829 δικάζει

181 1860 227 1887 τις
256 1849 380 1889 ε’χθρᾷΗ
395 1849 493 1886 λόγον
523 1849 666 1887 φράσαις
698 1849 828 1889 ἀνάγκᾳ.
883 1849 978 1879 Haec
1005 1849 1112 1878 verba
1143 1849 1439 1888 ponderosissima
1470 1860 1547 1880 esse
1578 1850 1632 1879 vel
1656 1850 1695 1884 is,
1722 1850 1780 1889 qui
1803 1861 1823 1880 a
1845 1851 1959 1881 limine

181 1904 420 1933 tantummodo
450 1913 491 1933 ea
520 1904 730 1939 salutaverit,
762 1903 989 1935 confitebitur.
1046 1903 1116 1934 Sed
1145 1902 1374 1933 confitendum
1399 1903 1495 1933 simul
1520 1910 1582 1942 est,
1614 1913 1655 1933 ea
1677 1904 1777 1943 quasi
1800 1905 1960 1944 aenigma

181 1956 322 1994 aliquod
346 1966 423 1986 esse
447 1966 491 1986 ex
514 1956 650 1995 tripode
666 1956 838 1996 Delphico
855 1956 991 1991 editum,
1015 1958 1108 1995 quod
1125 1956 1261 1996 Oedipo
1279 1958 1468 1987 enodatore
1492 1964 1605 1997 egeat.
1643 1958 1761 1988 Verba
1777 1958 1851 1997 ipsa
1866 1959 1960 1989 clara

184 2016 271 2045 sunt,
296 2011 357 2041 sed
381 2011 462 2049 quid
486 2010 549 2041 sibi
566 2011 680 2048 velint,
704 2017 774 2041 tam
793 2012 975 2041 obscurum
993 2016 1053 2046 est,
1078 2017 1115 2041 ut
1137 2021 1205 2050 quo
1223 2011 1346 2041 diutius
1364 2012 1407 2041 de
1423 2011 1472 2041 eis
1489 2011 1632 2051 cogites,
1656 2018 1752 2042 ‘canto
1776 2012 1960 2042 incertiora

183 2064 297 2094 omnia
317 2063 410 2094 fiant.
449 2063 539 2103 Quid
564 2064 650 2094 enim
676 2074 806 2103 quaeso
830 2066 895 2094 hoc
918 2072 980 2101 est,
1005 2066 1098 2104 quod
1113 2065 1281 2095 Pindarus
1304 2065 1399 2096 dicit:
1423 2075 1512 2104 quae
1536 2065 1771 2096 defunctorum
1795 2067 1888 2105 apud
1910 2066 1976 2096 in-·

180 2117 274 2148 feros
295 2118 428 2148 animae
451 2118 664 2157 deliquerint,
689 2128 806 2148 eorum
830 2119 862 2148 in
886 2119 949 2148 hac
972 2119 1042 2149 vita
1066 2128 1124 2148 eas
1148 2129 1278 2158 poenas
1301 2120 1454 2149 solvere?
1499 2119 1587 2149 Num
1616 2129 1663 2149 ea·
1682 2126 1735 2150 est
1761 2121 1957 2151 umbrarum

182 2172 274 2211 apud
287 2171 417 2203 inferos
430 2172 592 2212 conditio,
615 2178 652 2202 ut
677 2172 897 2211 delinquendi
917 2173 966 2203 eis
981 2172 1138 2206 facultas.
1161 2173 1285 2212 cupido
1302 2173 1356 2203 vel
1374 2173 1478 2202 otium
1494 2173 1631 2203 omnino
1648 2173 1708 2203 sit?
1747 2173 1792 2203 Hi
1809 2174 1958 2214 scrupuli

182 2226 250 2256 iam
267 2227 426 2266 antiquos
442 2227 649 2266 interpretes
665 2227 696 2256 in
711 2227 777 2257 hoc
792 2227 869 2257 loco
887 2227 1092 2266 explicando
1106 2228 1228 2258 mirum
1244 2234 1405 2266 quantum
1425 2227 1590 2257 sollicitos
1604 2232 1794 2263 tenuerunt,
1811 2238 1957 2268 quorum

181 2290 272 2319 pars,
295 2286 333 2311 ut
354 2281 542 2312 inauditum
565 2281 648 2311 illud
671 2288 899 2321 removerent,
924 2281 1158 2312 defunctorum
1176 2282 1306 2311 animas
1326 2282 1419 2321 apud
1441 2281 1568 2312 inferos
1585 2282 1716 2313 scelera
1733 2282 1955 2318 committere,

183 2335 231 2364 ita
247 2341 455 2366 statuerunt:
472 2335 656 2365 Pindarum
674 2335 705 2365 in
720 2341 843 2365 neutro
859 2336 930 2365 eius
944 2336 1133 2366 sententiae
1149 2336 1303 2365 membro
1318 2336 1360 2365 de
1374 2346 1410 2365 re
1423 2336 1610 2370 recondita,
1627 2336 1728 2369 immo
1745 2336 1776 2366 in
1790 2337 1957 2366 ambobus

1724 2400 1738 2415 (ἶ
