2225 3049
1077 205 1129 236 IX

210 303 286 334 vIam
312 313 387 334 cum
410 304 443 333 in
466 304 658 334 universum
672 310 814 339 constet,
840 314 898 334 cur
914 305 966 334 his
982 303 1196 344 philosophis
1212 303 1383 332 Pindarus
1407 304 1566 333 dextram
1583 304 1627 333 ad
1643 304 1766 334 foedus
1789 304 1994 343 porrexerit,

217 358 261 387 de
284 357 425 397 singulis
447 367 534 387 nunc
555 357 654 386 huius
677 358 829 388 thesauri
852 358 1047 397 margaritis
1070 357 1254 387 videndum
1279 362 1339 386 est.
1390 356 1467 386 Hoc
1497 363 1592 386 tanto
1621 358 1731 397 magis
1753 358 1993 395 necessarium,

215 413 309 450 quod
331 421 408 441 cum
432 411 466 440 in
488 410 572 450 ipsis
594 411 770 450 principiis
793 411 841 440 illi
865 412 1054 450 sapientiae
1077 412 1332 451 gubernatores
1355 411 1544 441 concordes
1568 412 1642 445 sint,
1676 412 1707 441 in
1732 413 1874 452 singulis
1898 422 1995 442 suum

217 465 448 504 unusquisque
470 465 609 504 genium
626 471 822 503 sequuntur.
859 465 933 495 Nec
948 465 1116 495 Pindarus
1133 465 1264 495 otiosus
1279 471 1331 495 est
1348 465 1447 494 huius
1463 465 1576 504 pacati
1593 467 1787 496 certaminis
1803 473 1992 506 spectator:

214 520 318 549 immo
342 519 417 558 ipse
440 528 578 558 quoque
601 518 635 548 in
658 518 887 548 subtilissimis
916 519 1120 557 quibusdam
1150 518 1404 549 definitionibus
1436 529 1498 548 suo
1528 521 1676 557 quodam
1706 521 1845 559 proprio
1874 521 1996 551 itinere

215 573 361 604 incessit.

363 628 482 666 Itaque
505 634 542 656 ut
565 627 628 656 rite
651 628 695 656 ab
718 626 812 656 initio
839 627 1066 660 exordiamur,
1090 626 1234 664 primum
1251 626 1392 665 Orphici
1416 625 1510 654 illum
1533 625 1719 654 animarum
1743 632 1937 655 nostrarum
1961 626 1993 655 in

217 682 303 712 haec
325 691 472 720 corpora
494 680 670 711 terrestria
694 681 886 719 ingressum
910 687 1014 719 atque
1037 680 1211 709 introitum
1242 679 1445 709 dulcissimis
1469 678 1673 718 quibusdam
1703 678 1825 708 fabulis
1854 680 1992 709 circum-

215 735 414 769 vestierunt,
439 745 524 774 quas
542 735 678 764 minime
694 734 741 763 illi
757 740 886 763 temere
902 732 1082 769 finxerant,
1106 735 1167 764 sed
1184 744 1202 763 e
1218 734 1397 772 popularis
1413 732 1589 772 religionis
1605 732 1703 771 quasi
1718 734 1824 770 pratis
1842 734 1994 763 studiose

216 789 469 828 decerpseram.
513 787 766 818 Praedicabant
789 787 893 826 igitur
915 787 978 818 illi:
1003 788 1135 817 animas
1157 789 1325 817 humanas
1350 798 1369 817 a
1391 793 1504 817 mente
1522 787 1636 816 divina
1653 786 1824 816 seiunctas
1848 798 1867 815 a
1882 788 1994 817 ventis

216 843 249 872 in
271 849 398 873 terram
422 842 549 872 adferri
572 848 606 872 et
622 842 826 881 respirando
849 842 880 871 in
899 851 1046 881 corpora
1062 841 1177 880 recipi.
1217 842 1363 871 Aristot.
1390 842 1432 871 de
1456 841 1568 870 anima
1583 841 1608 875 I,
1634 842 1652 870 ἔ)
1669 850 1700 879 p.
1719 840 1800 870 410b
1823 842 1875 870 2³:
1899 844 1993 873 τοῦτο

215 898 250 928 δὲ
272 898 411 927 πέπονθε
435 897 485 926 καὶ
508 896 526 926 ὁ
549 897 584 927 ἑν
607 898 674 933 τοῖς
702 895 866 934 Ὀρφικοῖς
888 896 1097 933 καλουμένοις
1121 895 1213 925 ἔπεσι
1237 896 1348 933 λόγος·
1372 896 1452 933 φησὶ
1475 896 1546 932 γὰρ,
1569 895 1626 932 τὴν
1650 895 1755 932 ψυχὴν
1779 895 1812 924 ἐκ
1836 897 1892 925 τοῦ
1916 896 1994 926 ὅλου

217 950 347 981 εἰσιέναι
370 950 606 984 ἀναπνεόντων,
631 950 813 987 φερομένην
836 949 898 979 ὑπὸ
921 951 986 979 τῶν
1009 949 1142 986 ἀνέμων.
1188 949 1395 979 lamblichus
1421 950 1512 988 apud
1536 950 1651 979 Ioann.
1688 948 1784 979 Stob.
1808 949 1878 989 Ecl.
1902 949 1925 981 L
1956 951 1992 979 41

215 1014 247 1043 p.
265 1004 325 1034 870
347 1004 417 1033 init.
442 1004 493 1034 ed.
516 1003 670 1033 Heeren:
695 1003 920 1033 ἀναπνεόντων
940 1004 1027 1040 ἡμῶν
1044 1004 1224 1041 φερομένην
1241 1003 1304 1033 ὑπὸ
1321 1005 1385 1034 τῶν
1408 1003 1540 1040 ἀνέμων,
1584 1003 1656 1032 Iam
1679 1013 1761 1033 vero
1778 1003 1887 1032 simile
1904 1004 1994 1042 quid.

213 1059 302 1088 unde
315 1057 484 1096 Orphicos
499 1064 652 1087 mutuum
664 1057 749 1087 haec
763 1057 938 1096 accepisse
953 1064 1107 1096 apparet,
1132 1058 1223 1096 apud
1242 1057 1380 1087 Atticos
1394 1057 1629 1096 antiquissima
1652 1057 1817 1096 religione
1830 1057 1991 1087 traditum

214 1113 485 1151 propagabatur.
509 1112 656 1141 Athenis
669 1111 905 1149 Τριτοπὰτορες
916 1112 1126 1142 colebantur.
1138 1117 1318 1141 ventorum
1336 1111 1480 1149 numina,
1500 1121 1585 1150 quos
1599 1111 1632 1140 in
1649 1111 1842 1149 nuptiarum
1858 1111 1993 1141 sollem-

213 1167 314 1196 nibus
322 1166 483 1196 invocare
495 1175 568 1195 mos
579 1172 660 1196 erat.
678 1165 829 1204 Hesych.
842 1176 866 1196 s.
878 1175 909 1195 V.
922 1166 1154 1203 τριτοπάτορας
1170 1165 1321 1202 ἀνέμους·
1335 1166 1366 1196 ἐξ
1379 1165 1526 1202 Θύρανοῦ
1542 1166 1591 1195 καὶ
1605 1165 1662 1202 Γῆς
1674 1166 1868 1203 γενομένους
1883 1165 1933 1195 καὶ
1943 1175 1996 1201 γε·

214 1222 336 1258 νέσεως
349 1221 518 1259 ἀρχηγοὺς.
540 1219 842 1250 Luculentissimus
855 1229 937 1249 vero
950 1220 992 1249 de
1006 1219 1058 1248 his
1071 1219 1265 1248 numinibus
1278 1219 1372 1248 locus
1387 1226 1448 1248 est.
1465 1219 1670 1248 Phanodemi
1684 1219 1786 1248 etiam
1801 1219 1936 1248 nomine
1947 1219 1992 1248 in-

215 1275 331 1315 signis,
349 1275 439 1314 apud
450 1273 593 1305 Suidam
606 1284 631 1304 s,
645 1284 690 1304 v.:
713 1273 958 1312 τριτοπάτορες·
975 1274 1168 1311 Φανόδημος
1186 1299 1191 1303 .
1206 1299 1210 1303 .
1227 1297 1232 1302 .
1247 1273 1280 1303 ἐν
1292 1273 1372 1313 έκτῳ
1388 1274 1496 1311 φησὶν,
1522 1273 1570 1302 ὅτι
1588 1273 1678 1309 μόνοι
1696 1267 1859 1309 Ἀθηναῖοι
1882 1273 1995 1303 Θύουσί

214 1339 247 1360 τε
259 1330 310 1359 καὶ
322 1328 468 1366 εὔχονται
485 1329 595 1365 αὐτοῖς
610 1328 689 1366 ὑπὲρ
706 1328 866 1365 γενέσεως
886 1328 1019 1361 παίδων,
1044 1327 1122 1358 ὅταν
1138 1329 1251 1364 γαμεῖν
1268 1328 1433 1364 μέλλωσιν.
1457 1328 1491 1357 ἐν
1508 1328 1543 1357 δὲ
1565 1329 1609 1366 τῷ
1631 1325 1781 1364 Ὀρφέως
1797 1330 1922 1367 φυσικῷ
1939 1328 1995 1365 (de

215 1393 282 1422 quo
306 1393 412 1422 opere
431 1382 680 1421 confiLobe‘ck,
708 1383 790 1422 Agl.
804 1392 835 1421 p.
850 1382 908 1412 753
925 1389 959 1412 et
971 1382 1073 1416 Abel,
1098 1381 1250 1420 Orphica
1271 1392 1302 1420 p.
1326 1382 1401 1418 251)
1425 1381 1638 1418 ὀνομάζεσθαι
1661 1381 1737 1418 τοὺς
1763 1381 1995 1418 τριτοπάτορας

211 1432 425 1475 Ἀμακλείδην
455 1438 505 1468 καὶ
529 1437 725 1475 Πρωτοκλέα
749 1438 799 1467 καὶ
817 1435 1078 1474 Πρωτοκλέοντα,
1103 1436 1266 1473 θυρωροὺς
1284 1436 1334 1465 καὶ
1357 1436 1504 1473 φύλακας
1526 1435 1623 1472 ὄντας
1644 1437 1707 1465 τῶν
1724 1435 1856 1472 ἀνέμων.
1881 1434 1993 1465 Schol.

215 1490 280 1521 Od.
304 1502 330 1526 κ,
354 1492 382 1525 2,
406 1502 438 1531 p.
455 1493 513 1522 331
540 1492 627 1522 med.
652 1492 703 1521 ed.
719 1491 864 1521 Buttm.:
889 1491 1005 1521 τούτου
1023 1491 1116 1521 ἕνεκα
1128 1490 1347 1527 ἑμυθεύσαντο
1370 1489 1468 1520 αὐτὸν
1485 1488 1565 1519 εἶναι
1584 1489 1747 1526 δεσπότην
1769 1490 1833 1519 τῶν
1862 1488 1994 1525 ἀνέμων.

214 1545 333 1583 ὁμοίως
356 1547 390 1576 δὲ
414 1546 464 1576 καὶ
486 1546 543 1576 τὸν
563 1545 779 1583 Ἀμακλείδην
802 1545 852 1575 καὶ
867 1545 1043 1582 Πρωτοκλῆ
1069 1545 1118 1575 καὶ
1133 1544 1397 1582 Πρωτοκρέοντα.
1436 1543 1563 1572 Preces
1577 1542 1848 1581 Atheniensium,
1872 1541 1995 1581 quibus

214 1606 337 1630 ventos
359 1599 605 1630 foecundantes
628 1599 785 1639 frugibus
805 1599 940 1629 tuendis
958 1599 1157 1636 invitabant,
1182 1599 1324 1637 pulchre
1346 1597 1493 1626 illustrat
1508 1596 1650 1625 Proclus
1674 1596 1717 1625 ad
1734 1595 1819 1626 Tim.
1842 1595 1875 1624 II
1890 1606 1921 1634 p.
1938 1594 1998 1625 ssSs

214 1652 259 1693 (p.
286 1654 343 1685 153
366 1654 418 1684 ed.
443 1653 660 1693 Schneider):
685 1654 888 1691 δημιουργική
916 1653 976 1691 γάρ
1001 1654 1088 1684 ἐστιν
1120 1653 1194 1690 εὐχὴ
1225 1652 1275 1682 καὶ
1298 1651 1467 1689 καθαρτικὴ
1503 1651 1553 1680 καὶ
1584 1650 1755 1687 ζωοποιός·
1791 1650 1994 1687 δημιουργική

215 1709 282 1745 μὲν,
305 1707 374 1739 οἷον
395 1708 476 1746 ὑπὲρ
499 1708 626 1747 ὄμβρων
650 1709 701 1739 καὶ
731 1707 874 1745 ἀνέμων’
899 1707 928 1738 οἱ
947 1708 1007 1745 γὰρ
1030 1707 1214 1744 δημιουργοὶ
1244 1709 1301 1744 τῆς
1330 1706 1454 1736 τούτων
1482 1704 1574 1735 αἴτιοι
1600 1704 1770 1743 γενέσεως,
1804 1704 1853 1734 καὶ
1877 1703 1907 1734 αἱ
1930 1705 1994 1734 τῶν

215 1762 376 1793 εὐδιεινῶν
406 1762 532 1800 ἀνέμων
562 1763 652 1801 εὐχαὶ
683 1762 757 1800 παρ’
788 1757 974 1799 Ἀθηναίοις
1008 1762 1091 1800 πρὸς
1134 1761 1270 1798 τούτους
1302 1760 1446 1796 ἐγίνοντο
1479 1760 1556 1796 τοὺς
1592 1759 1696 1796 θεούς.
1732 1757 1772 1788 cf.
1806 1757 1889 1787 Lob.
1913 1758 1994 1796 Agl.

213 1825 246 1855 p.
271 1816 330 1846 760
353 1821 439 1847 extr.

298 1957 325 1987 8.
370 1955 510 1995 Orphici
534 1957 705 1995 quomodo
729 1956 876 1987 animam
901 1957 945 1987 ad
970 1967 1093 1996 corpus
1117 1956 1293 1995 alligatam
1317 1954 1485 1984 finxerint.
1533 1952 1645 1987 Orbis,
1671 1962 1770 1991 quem
1795 1951 1905 1981 eidem

533 2017 667 2045 vocant,
692 2017 848 2041 naturam
873 2021 914 2041 eo
941 2011 1116 2047 contineri,
1142 2011 1235 2050 quod
1255 2010 1342 2039 inter
1365 2008 1465 2038 funus
1489 2014 1523 2038 et
1545 2016 1671 2037 novam

659 2065 920 2104 generationem
945 2070 1039 2095 certa
1061 2064 1240 2094 intervalla
1263 2063 1449 2094 constituta
1474 2062 1548 2092 sint.

362 2145 498 2175 Deinde
521 2154 610 2184 quae
632 2153 736 2183 porro
758 2145 802 2174 ab
826 2143 986 2183 Orphicis
1009 2145 1198 2174 traduntur.
1230 2144 1317 2173 haec
1341 2148 1426 2172 sunt.
1483 2141 1610 2170 Anima
1643 2141 1677 2169 in
1700 2149 1826 2179 corpus
1847 2147 1990 2178 recepta

216 2198 357 2228 vinculis
380 2199 478 2238 quasi
501 2197 760 2237 constringitur;
786 2198 910 2228 etenim
934 2198 1084 2228 nascitur
1108 2204 1142 2228 et
1166 2197 1288 2228 crescit
1309 2206 1376 2226 una
1399 2205 1474 2225 cum
1498 2195 1610 2224 anima
1633 2199 1706 2224 rete
1729 2193 1812 2223 illud
1834 2191 1993 2223 artificio-

217 2253 407 2292 sissumum,
435 2253 528 2292 quod
551 2261 743 2287 nervorum,
774 2262 947 2289 venarum,
972 2253 1173 2282 arteriarum
1200 2251 1347 2282 nexibus
1378 2249 1582 2287 continetur·,
1611 2258 1718 2287 quare
1751 2256 1853 2277 sensu
1875 2256 1992 2276 recon-

215 2306 339 2337 ditiore
362 2307 444 2336 illud
468 2308 595 2337 dictum
618 2313 680 2346 est,
703 2308 795 2346 quod
821 2307 937 2336 docuit
955 2306 1176 2347 Pythagoras
1200 2305 1292 2345 apud
1307 2304 1411 2343 Diog.
1428 2303 1540 2333 Laert.
1557 2302 1649 2337 VIII,
1676 2302 1778 2340 §.141
1801 2302 1859 2338 τὴν
1885 2301 1990 2338 ψυχὴν

1780 2357 1796 2379 b
