2225 3049
665 711 980 765 RECTOR
1015 711 1116 763 ET
1156 712 1514 766 SENATVS

382 833 776 870 VNIYERSITATIS
802 832 1131 870 FRIDERICIAE
1159 834 1481 872 GYILELMIAE
1509 835 1790 872 RHENANAE

1001 936 1170 975 GlVIBVs

1072 1044 1106 1082 S.

336 1150 362 1179 1.
405 1149 443 1178 In
468 1150 632 1188 dogmate
656 1149 699 1178 de
722 1147 909 1177 animarum
933 1147 1138 1187 migratione
1161 1149 1266 1178 multa
1289 1159 1375 1187 esse,
1399 1159 1488 1188 quae
1511 1151 1704 1189 paradoxa,
1728 1152 1834 1181 multa

898 1211 987 1241 quae
1010 1201 1168 1240 speciosa
1192 1202 1266 1233 sint.

340 1282 542 1313 Verissuma
559 1287 610 1312 est
626 1282 841 1320 antiquorum
856 1281 1141 1320 philosophorum
1155 1286 1288 1311 tantum
1304 1291 1370 1311 non
1387 1282 1536 1312 omnium
1553 1283 1769 1314 consentiens
1785 1285 1871 1315 haec
1886 1296 1972 1316 vox:

190 1346 258 1366 non
280 1346 386 1375 posse
409 1336 508 1366 huius
523 1337 698 1366 terrestris
721 1336 813 1365 vitae
830 1345 996 1365 summum
1020 1335 1196 1365 consilium
1221 1342 1255 1365 et
1271 1336 1436 1366 rationem
1460 1343 1552 1367 recte
1572 1337 1732 1377 intellegi,
1757 1338 1820 1368 nisi
1837 1339 1972 1370 futurae

191 1396 272 1430 post
294 1395 438 1420 mortem
452 1390 543 1420 vitae
559 1390 675 1429 imago
693 1390 725 1419 in
741 1396 882 1428 pectore
895 1389 1049 1428 quotidie
1072 1389 1172 1418 nobis
1193 1390 1406 1420 obversetur.
1451 1390 1577 1420 Eorum
1593 1401 1676 1421 vero
1694 1399 1970 1429 commentorum,

193 1445 316 1484 quibus
339 1444 590 1483 sapientissumi
620 1443 776 1473 homines
800 1443 932 1473 animae
959 1444 1130 1473 humanae
1153 1449 1310 1473 naturam
1340 1450 1374 1474 et
1396 1444 1586 1475 futurarum
1614 1456 1726 1476 rerum
1758 1457 1855 1486 spem
1878 1449 1974 1478 varie

190 1499 408 1536 illustrarunt,
441 1508 543 1527 unum
571 1503 632 1532 est,
667 1498 759 1536 quod
786 1497 859 1527 sine
890 1497 994 1527 dubio
1027 1496 1203 1527 mirificum
1231 1498 1369 1537 quidem
1397 1508 1558 1529 maxume
1581 1506 1642 1533 est,
1678 1501 1738 1530 sed
1775 1500 1865 1531 idem
1894 1502 1974 1532 licet

191 1553 300 1583 dulcis
327 1553 502 1583 cuiusdam
530 1552 688 1582 tristitiae
723 1551 842 1590 spiritu
877 1551 1053 1590 perfusum
1077 1551 1134 1589 sit,
1164 1552 1456 1582 amabilissumum
1484 1560 1517 1583 et
1546 1554 1854 1594 speciosissumum,
1882 1556 1973 1590 illud,

191 1607 285 1646 quod
307 1605 522 1646 migrationis
545 1605 730 1635 animarum
752 1611 833 1644 post
855 1611 1000 1635 mortem
1023 1605 1159 1635 nomine
1184 1616 1381 1645 nuncupare
1405 1607 1563 1638 solemus.
1611 1607 1647 1637 In
1671 1608 1770 1638 huius
1793 1609 1881 1639 enim
1905 1610 1977 1649 opi—

189 1661 300 1691 nionis
324 1659 438 1690 effatis
453 1666 487 1689 et
510 1659 762 1689 definitionibus
785 1660 965 1698 paradoxa
981 1660 1025 1688 ad
1040 1666 1193 1689 nostrum
1211 1660 1348 1699 quidem
1366 1670 1501 1691 sensum
1516 1662 1663 1700 plurima
1674 1662 1796 1701 insunt,
1810 1674 1898 1703 quae
1909 1664 1977 1694 iam

191 1713 399 1744 Aristoteles
420 1723 487 1743 uno
510 1714 618 1743 verbo
643 1713 844 1751 complexus
868 1718 929 1746 est,
965 1713 1007 1742 de
1027 1713 1139 1743 anima
1162 1714 1186 1752 Ι,
1211 1715 1229 1744 3
1252 1725 1282 1754 p.
1299 1714 1382 1745 4⁴)7b
1407 1716 1460 1745 21:
1484 1716 1595 1754 ὥσπερ
1619 1717 1831 1754 ἐνδεχόμενον
1847 1743 1853 1749 .
1872 1743 1878 1748 .
1895 1742 1902 1748 .
1919 1719 1977 1756 τὴν

190 1770 352 1806 τυχοῦσαν
373 1768 480 1805 ψυχὴν
504 1767 549 1804 εἰς
572 1767 609 1797 τὸ
631 1767 727 1804 τυχὸν
748 1767 917 1797 ἐνδύεσθαι
946 1769 1058 1804 σῶμα·
1084 1770 1171 1799 δοκεῖ
1198 1769 1258 1807 γὰρ
1282 1769 1419 1800 ἕκαστον
1441 1769 1524 1801 ἴδιον
1551 1770 1634 1808 ἔχειν
1661 1770 1748 1809 εἶδος
1775 1773 1825 1802 καὶ
1849 1773 1977 1811 μορφήν

191 1823 254 1852 sed
276 1832 388 1856 unum,
417 1822 445 1851 si
467 1821 546 1851 iusti
571 1831 647 1851 esse
669 1821 822 1860 velimus,
855 1821 970 1851 statim
994 1821 1027 1851 in
1052 1822 1128 1861 ipso
1151 1822 1265 1852 limine
1289 1828 1450 1862 apparet:
1481 1824 1546 1854 hoc
1568 1824 1826 1864 palingenesiae
1849 1827 1977 1865 dogma

191 1883 261 1907 tam
285 1886 382 1906 acres
403 1876 509 1905 habet
538 1876 581 1904 ad
603 1875 764 1905 virtutem
788 1875 944 1905 stimulos
975 1882 1009 1905 et
1032 1876 1188 1915 calcaria⁷
1216 1882 1287 1906 tarn
1309 1876 1425 1907 firmas
1449 1879 1493 1907 ad
1515 1878 1599 1908 vitia
1623 1879 1815 1909 cohibenda
1837 1887 1978 1911 catenas

192 1937 226 1961 et
248 1930 373 1970 frenos,
406 1936 443 1960 ut
466 1930 523 1969 qui
547 1930 619 1960 eius
646 1930 770 1969 pocula
790 1936 934 1969 pectore
957 1930 1102 1960 candido
1127 1931 1288 1968 hauserit,
1321 1941 1383 1970 per
1405 1932 1505 1962 huius
1528 1933 1643 1963 hercle
1665 1933 1758 1963 vitae
1780 1933 1919 1964 insidias
1944 1941 1978 1964 et

194 1985 375 2016 illecebras
398 1991 502 2024 tutuS‚
532 1993 638 2023 purus
661 1990 845 2023 castusque
875 1990 907 2014 et
931 1984 974 2013 ab
1002 1984 1092 2014 omin
1119 1985 1278 2015 vitiorum
1308 1986 1470 2025 contagio
1496 1987 1653 2017 immunis
1676 1987 1835 2018 incedere
1857 1989 1976 2028 possit.

192 2040 270 2070 Hoc
291 2039 391 2069 facile
422 2039 506 2078 ipsis
529 2039 600 2069 eius
624 2039 762 2068 scholae
791 2038 891 2068 dictis
915 2044 949 2068 et
973 2039 1121 2069 decretis
1145 2040 1373 2069 demonstrari
1395 2046 1520 2079 potest.
1569 2040 1648 2071 Duo
1673 2042 1864 2080 potissuma
1888 2049 1975 2077 sunt,

189 2093 313 2133 quibus
322 2095 408 2124 haec
420 2093 651 2133 psychologia
663 2092 788 2132 nititur,
801 2092 976 2131 principia.
994 2092 1094 2123 Prius
1104 2094 1172 2124 tale
1183 2099 1243 2123 est.
1260 2093 1397 2123 Docent
1409 2094 1508 2123 huius
1518 2094 1758 2134 philosophiae
1770 2095 1977 2135 interpretes

189 2154 225 2178 et
239 2148 449 2188 mystagogi,
466 2146 607 2186 Orphici
623 2153 657 2176 et
673 2146 899 2186 Pythagorei:
922 2146 1016 2176 initio
1038 2156 1153 2177 rerum
1170 2153 1306 2186 tempus
1322 2146 1437 2185 fuisse,
1454 2157 1522 2187 quo
1536 2148 1669 2178 animae
1684 2155 1824 2180 nostrae
1839 2160 1971 2180 summa

189 2203 401 2233 beatitudine
433 2201 611 2241 praeditae
644 2211 719 2231 cum
753 2201 827 2230 deis
860 2201 1108 2231 immortalibus
1151 2201 1445 2231 coniunctissimae
1475 2208 1509 2231 et
1541 2202 1816 2241 copulatissimae
1840 2214 1976 2243 semper

188 2255 323 2287 fuerint.
367 2256 454 2286 Tum
477 2273 518 2276 —
540 2266 603 2294 pro
627 2255 725 2285 dolor
739 2255 843 2285 —ita
866 2255 1043 2292 accidisse,
1070 2262 1107 2285 ut
1130 2263 1272 2294 propter
1294 2265 1439 2295 gravem
1462 2256 1610 2295 aliquam
1633 2257 1768 2296 culpam
1790 2258 1975 2288 admissam

188 2308 321 2339 animae
343 2315 492 2347 nostrae,
525 2309 812 2348 quemadmodum
836 2309 1107 2344 commeruerint,
1145 2320 1163 2339 e
1191 2310 1287 2340 caelo
1318 2310 1350 2340 in
1373 2311 1462 2340 hanc
1484 2310 1589 2340 vitam
1626 2317 1823 2342 terrestrem
1861 2313 1974 2342 detru-
