2225 3049
1075 249 1148 279 XX

225 350 371 391 gemella
393 349 493 387 plane
518 348 749 387 disputatione
778 348 811 377 in
839 345 1133 386 comparationem
1166 351 1288 375 vocata
1311 348 1533 386 comprobari
1560 353 1684 387 potest.
1737 349 1825 378 Nam
1849 348 1948 379 Plato
1973 349 2006 379 in

228 411 381 433 extrema
404 401 550 431 Politiae
573 407 672 440 parte
695 401 727 431 in
751 400 885 430 sublimi
909 405 943 430 et
977 398 1092 428 divina
1116 398 1173 427 illa
1200 398 1358 438 imagine,
1392 410 1460 439 qua
1494 401 1691 439 animarum,
1724 408 1804 441 post
1831 402 1922 433 mille
1945 413 2003 432 an-

226 466 344 486 norum
364 454 684 494 peregrinationem,
710 455 854 494 primum
878 454 1076 483 sollemnem
1097 449 1114 460 ‘⁴
1126 452 1158 481 in
1174 448 1304 490 prato’'
1327 462 1560 494 congressum,
1585 455 1707 486 deinde
1731 456 2002 496 palingenesiam

226 518 257 540 et
281 509 426 539 reditum
446 509 478 538 in
494 518 619 538 novam
637 509 741 539 vitam
766 509 888 538 eodem
906 506 1065 546 penicillo
1089 505 1210 545 pinxit,
1237 516 1304 545 quo
1322 506 1501 539 Michaelis
1517 509 1674 548 Angelus
1697 510 1920 540 Buonarrotti
1945 510 2005 540 im-

225 564 367 593 mortale
384 563 465 592 illud
481 572 678 602 supremum
695 561 853 592 iudicium
870 561 903 590 in
919 561 1006 590 aede
1023 570 1121 590 sacra
1137 559 1254 590 Sancti
1268 559 1369 600 sixti,
1386 561 1496 595 Plato.
1514 562 1660 601 inquam,
1678 563 2014 603 eloquentissumum>

224 617 506 648 commentarium
530 618 574 647 ad
590 617 730 647 Pindari
751 616 844 645 illum
862 615 974 645 locum
992 613 1128 652 scripsit
1153 619 1256 652 atque
1270 614 1409 644 omnino
1426 624 1627 654 persuasum
1643 615 1723 646 mihi
1741 622 1801 656 est,
1826 616 2006 647 Platonem

225 678 257 702 et
282 672 344 701 hos
360 671 500 701 Pindari
522 681 644 702 versus
667 677 700 701 et
717 669 845 700 similes
868 678 956 698 nunc
980 667 1182 706 deperditos
1206 673 1286 697 ante
1311 669 1430 698 oculos
1453 669 1624 700 habuisse.
1664 669 1761 709 Quae
1784 671 1888 710 igitur
1904 671 2005 701 Plato

223 726 265 755 de
289 724 472 765 magnifico
496 725 553 755 illo
585 724 843 764 palingenesiae
868 722 1066 762 spectaculo
1091 721 1193 752 docet
1220 721 1306 751 haec
1334 728 1419 753 sunt.
1473 722 1643 753 Plurimas
1673 724 1776 763 longe
1809 724 1939 754 animas
1962 725 2006 754 ad

221 779 472 818 gravissumum
497 779 588 808 illum
611 789 723 808 novae
755 778 847 807 vitae
871 777 1053 816 eligendae
1075 775 1254 814 negotium
1282 775 1564 814 imparatissimas
1594 783 1627 807 et
1652 777 1859 807 alienissima
1883 784 2006 815 mente,

224 833 371 872 denique
395 843 554 862 sensuum
580 832 753 862 blanditiis
777 839 810 862 et
827 831 957 870 laqueis
980 839 1123 869 prorsus
1141 829 1323 859 obstrictas
1340 839 1416 859 eurn
1441 830 1472 859 in
1490 831 1628 860 modum
1646 832 1821 867 accedere,
1847 838 1883 861 ut
1907 841 2006 871 spec-

223 894 368 918 tatorem
392 887 623 917 misericordia
648 886 864 926 perfundant.
900 885 985 915 Plat.
1010 885 1078 924 pol.
1102 894 1133 923 p.
1158 884 1252 914 6190:
1277 884 1394 922 ταύτην
1410 885 1470 922 γὰρ
1487 885 1535 922 δή,
1560 885 1632 924 ἔφη,
1656 886 1712 923 τὴν
1729 887 1806 917 θέαν
1822 885 1911 917 ἀξίαν
1927 887 2007 918 εἶναι

222 941 307 979 ἰδεῖνἲ
332 942 376 980 ὡς
401 942 530 972 ἕκασται
554 941 652 978 ψυχαὶ
669 942 805 980 ᾑροῦντο
828 940 904 978 τοὺς
922 940 1026 977 βίους·
1050 938 1193 975 ἑλεεινήν
1210 948 1242 969 τε
1259 938 1320 976 γὰρ
1337 938 1414 969 ἰδεῖν
1431 938 1510 969 εἶναι
1530 940 1580 969 καὶ
1595 940 1723 975 γελοίαν
1740 940 1790 970 καὶ
1807 940 2006 977 Θαυμασίαν.

222 996 301 1026 κατὰ
325 996 497 1033 συνήθειαν
522 995 582 1033 γὰρ
605 996 662 1025 τοῦ
686 995 844 1032 προτέρου
868 994 935 1031 βίου
959 994 998 1023 τὰ
1021 993 1124 1023 πολλὰ
1141 991 1307 1030 αἱρεῖσθαι.
1345 991 1459 1031 Quare
1484 1002 1584 1022 unum
1608 998 1669 1029 est,
1696 994 1788 1032 quod
1806 993 1907 1023 Plato
1935 1003 2006 1023 orn-

224 1050 315 1079 nium
339 1049 459 1078 animis
482 1048 711 1079 indelebiliter
736 1048 939 1087 insculptum
964 1052 998 1077 et
1022 1045 1164 1076 infixum
1188 1046 1270 1080 volt,
1292 1051 1328 1075 ut
1352 1045 1384 1075 in
1408 1045 1472 1075 illis
1497 1055 1634 1085 quoque
1657 1046 1841 1076 inferorum
1865 1047 2006 1078 sedibus

226 1113 354 1133 summa
379 1112 515 1142 semper
538 1102 717 1142 vigilantia
741 1111 942 1140 summaque
967 1101 999 1130 in
1024 1106 1159 1130 nosmet
1182 1099 1245 1139 ipsi
1270 1099 1454 1129 severitate
1478 1109 1673 1133 caveamus.
1707 1110 1749 1130 ne
1772 1100 1804 1130 in
1828 1107 2005 1140 postremo

222 1158 278 1186 illo
302 1156 558 1196 palingenesiae
583 1155 768 1196 specimine
790 1155 956 1189 fallamur.
989 1155 1050 1185 sed
1079 1159 1116 1184 ut
1146 1154 1230 1183 salvi
1254 1153 1368 1192 potius
1399 1159 1432 1183 et
1456 1153 1614 1189 victores,
1644 1164 1745 1193 quam
1766 1155 1846 1185 victi
1871 1161 1904 1184 et
1928 1165 2005 1194 per-

223 1211 282 1240 diti
306 1211 533 1241 discedamus.
584 1211 621 1240 In
651 1211 742 1240 nullo
772 1209 956 1240 certamine
985 1209 1115 1239 tristius
1143 1208 1225 1238 illud
1255 1217 1343 1238 esse:
1382 1207 1456 1238 Vae
1487 1208 1599 1238 victis!
1647 1208 1733 1239 Plat.
1763 1209 1828 1248 pol.
1856 1219 1889 1248 p.
1913 1210 2005 1240 619³:

220 1265 441 1302 ἀδαμαντίνως
465 1265 502 1302 δὴ
527 1266 575 1296 δεῖ
598 1264 716 1301 ταύτην
744 1264 800 1301 τὴν
825 1263 921 1295 δόξαν
944 1263 1061 1301 ἔχοντα
1084 1262 1129 1301 εἰς
1152 1262 1263 1293 ’Ἀιδου
1294 1261 1381 1299 ἰέναι,
1412 1261 1501 1300 ὅπως
1526 1262 1565 1293 ἂν
1588 1263 1605 1302 ᾗ
1629 1263 1679 1293 καὶ
1703 1263 1766 1293 ἐκεῖ
1790 1262 2006 1301 ἀνέκπληκτος

220 1319 281 1350 υπὸ
315 1319 462 1350 πλούτων
487 1329 521 1350 τε
545 1319 595 1349 καὶ
618 1321 680 1349 τῶν
704 1318 859 1349 τοιούτων
883 1320 998 1352 κακῶν,
1036 1317 1086 1347 καὶ
1110 1317 1148 1354 μὴ
1174 1316 1321 1353 ἐμπεσὼν
1355 1315 1400 1354 εἰς
1425 1317 1618 1354 τυραννίδας
1651 1317 1700 1347 καὶ
1725 1316 1825 1355 ἄλλας
1856 1317 2006 1356 τοιαύτας

221 1373 351 1411 πράξεις
376 1373 480 1404 πολλὰ
503 1374 560 1410 μὲν
578 1372 750 1411 ἐργάσηται
776 1373 826 1402 καὶ
851 1371 1012 1408 ἀνήκεστα
1032 1371 1120 1408 κακά,
1145 1371 1188 1401 ἔτι
1213 1371 1247 1401 δὲ
1267 1370 1363 1407 αὐτὸς
1380 1370 1474 1407 μείζω
1491 1370 1584 1410 πάθῃ,
1628 1370 1750 1410 Itaque
1767 1371 1854 1401 haec
1870 1380 2007 1411 semper

220 1427 389 1457 cantilena
413 1427 504 1466 apud
528 1426 710 1457 Platonem
735 1425 894 1457 recurrit:
918 1426 972 1456 Ξὺν
993 1428 1038 1465 νῷ
1063 1425 1200 1456 ἑλέσθαι.

319 1567 366 1597 18.
404 1566 548 1596 Animas
573 1576 640 1603 eas,
664 1575 752 1605 quae
776 1566 807 1595 in
833 1565 971 1595 sedibus
994 1565 1175 1594 beatorum
1198 1563 1331 1602 fuerint,
1355 1564 1389 1593 in
1413 1573 1504 1593 nova
1527 1563 1786 1602 palingenesiae
1811 1570 1903 1595 sorte

429 1620 589 1659 eligenda
612 1629 773 1649 maxume
796 1618 991 1659 periclitari,
1016 1618 1043 1648 si
1067 1618 1309 1648 consuetudine
1333 1617 1454 1657 magiS,
1479 1627 1582 1656 quam
1606 1617 1739 1647 ratione
1762 1624 1796 1648 et

492 1673 770 1713 philosophando
787 1673 986 1702 innocentes
1003 1671 1137 1702 fuerint.
1175 1671 1213 1701 Id
1230 1671 1415 1701 Pindarum
1433 1681 1520 1701 voce
1538 1671 1725 1710 ἀπάλαμνος

962 1726 1077 1765 posita
1100 1725 1260 1756 indicare.

369 1807 481 1837 Unum
505 1814 687 1846 praeterea
712 1815 870 1835 maxume
893 1805 1048 1834 notabile
1074 1810 1134 1842 est,
1163 1804 1256 1843 quod
1279 1804 1309 1834 in
1335 1805 1401 1834 hoc
1429 1804 1688 1844 palingenesiae
1713 1805 1877 1844 dogmate
1902 1815 2000 1836 exor-

218 1862 331 1892 nando
359 1868 462 1900 atque
486 1860 697 1900 expoliendo
728 1866 761 1890 et
785 1859 885 1889 Plato
910 1859 1034 1889 eximie
1066 1858 1149 1888 vidit
1183 1865 1217 1888 et
1239 1858 1408 1888 Pindarus
1432 1868 1579 1898 quoque,
1609 1859 1636 1888 si
1659 1859 1767 1889 verba
1790 1860 1833 1889 ad
1857 1858 2006 1890 aurificis

218 1922 381 1946 stateram
406 1915 652 1954 expendamus,
677 1913 804 1944 statuit.
851 1912 957 1943 Error
981 1919 1015 1943 et
1038 1913 1167 1943 incuria
1191 1913 1223 1942 in
1249 1913 1408 1952 eligendo
1432 1922 1544 1942 novae
1570 1913 1662 1943 vitae
1685 1913 1866 1943 simulacro
1891 1914 2006 1952 (παρα-

217 1970 370 2008 δείγματι)
395 1970 542 2000 minume
566 1978 678 1999 rerum
697 1968 729 1998 in
753 1968 847 1998 solos
871 1967 997 2006 impios
1022 1973 1055 1997 et
1075 1967 1327 1997 consceleratos
1352 1966 1452 2002 cadit,
1475 1967 1533 2006 qui
1557 1966 1732 2006 suppliciis
1752 1967 1868 2006 potius
1890 1967 2005 1998 edocti

218 2024 389 2054 cautiores
412 2024 444 2054 in
468 2023 616 2063 eligendi
640 2022 782 2062 negotio
807 2032 884 2052 esse
900 2022 1022 2052 solent.
1071 2021 1179 2051 Immo
1202 2021 1414 2060 saepissume
1440 2030 1510 2055 θος,
1533 2020 1591 2060 qui
1614 2025 1757 2060 propter
1777 2021 2004 2051 innocentiam

218 2085 250 2108 et
273 2078 436 2117 pietatem
459 2077 492 2107 in
514 2077 630 2117 priore
653 2077 724 2106 vita
747 2077 928 2116 probatam
962 2075 994 2105 in
1017 2076 1199 2106 beatorum
1217 2076 1321 2106 sedes
1344 2075 1475 2115 recepti
1489 2074 1632 2113 fuerant,
1655 2075 1816 2105 vacillare
1838 2075 2004 2105 videmus.

217 2131 349 2162 Etenim
373 2132 403 2162 ei
431 2132 507 2171 ipsa
535 2131 676 2161 lenitate
705 2130 806 2161 sortis
829 2139 912 2160 suae
945 2130 1085 2160 emolliti
1114 2129 1245 2160 facilius
1276 2130 1426 2160 titubare
1456 2130 1576 2160 solent.
1640 2129 1745 2159 Plato
1769 2129 1837 2168 pol.
1861 2139 1892 2168 p.
1918 2128 2007 2160 619⁶:

216 2185 272 2217 οὐκ
295 2185 532 2224 ἑλάττουςεῖναι
553 2186 587 2216 ἐν
610 2187 678 2224 τοῖς
695 2185 852 2222 τοιούτοις
877 2179 1111 2222 ἁλισκομένους
1127 2185 1203 2222 τοὺς
1233 2185 1268 2216 ἑκ
1288 2186 1344 2215 τοῦ
1369 2184 1510 2222 οὐρανοῦ
1536 2184 1683 2222 ἥκοντας,
1711 2183 1765 2214 ἅτε
1798 2183 1907 2214 πόνων
1930 2183 2005 2220 ἀγυ-

217 2240 396 2278 μνάστους·
421 2241 486 2270 τῶν
509 2239 534 2270 δ’
550 2240 584 2271 ἐκ
606 2242 663 2277 τῆς
681 2241 740 2277 γῆς
763 2239 838 2276 τοὺς
851 2239 1002 2276 πολλοὺς,
1026 2238 1081 2270 ἅτε
1102 2239 1221 2277 αὐτούς
1241 2249 1274 2270 τε
1299 2238 1522 2276 πεπονηκότας
1544 2237 1663 2276 ἄλλους
1678 2248 1712 2268 τε
1731 2237 1923 2275 ἑωρακότας,
1946 2237 2005 2269 οὐκ

214 2294 246 2325 ἐξ
261 2294 434 2332 ἐπιδρομῆς
450 2295 508 2332 τὰς
524 2294 663 2332 αἱρέσεις
679 2295 847 2324 ποιεῖσθαι.
882 2292 977 2323 Haec
1000 2293 1027 2323 si
1046 2299 1253 2332 reputemus
1277 2298 1432 2332 apparet,
1455 2302 1576 2322 vocem
1595 2291 1793 2330 ἀπάλαμνος,
1816 2301 1885 2331 qua
1900 2291 2005 2322 utitur

215 2348 392 2380 Pindarus.
429 2348 662 2378 subtilissumo
702 2347 838 2377 delectu
867 2346 1017 2386 positum
1046 2356 1133 2381 esse,
1164 2356 1277 2386 neque
1299 2353 1369 2377 tam
1392 2346 1531 2386 impium
1555 2345 1759 2385 significare,
1787 2355 1889 2385 quam
1921 2344 2003 2375 boni
