2225 3049
1070 233 1160 263 XIV

221 334 406 372 ἀμειβομένη
438 331 608 369 μεμόρηται
639 331 649 369 'l
678 330 786 362 ἄλλοθ’
817 330 1020 368 ὑποχθονίοις
1048 329 1242 369 ἐναρίθμιος,
1273 330 1382 362 ἄλλοθ’
1415 331 1449 369 ἐς
1482 332 1583 370 αὐγὰς
1613 331 1625 370 Η
1654 331 1762 369 ἠελίου
1792 333 1901 363 ζωοῖσι
1931 334 1996 370 μετ’

220 387 373 424 ἀνδράσιν
397 411 402 415 .
424 385 504 415 ἀλλὰ
528 385 555 415 τί
579 385 700 423 μύθους
722 384 733 424 Ι]
757 384 930 415 Αἰθαλίδεω
953 383 1048 421 χρειώ
1077 393 1113 420 με
1143 386 1315 423 διηνεκέως
1344 384 1524 424 ἀγορεύειν;
1546 386 1557 425 Η
1581 385 1619 425 ὅς
1650 386 1690 424 ῥα
1718 387 1784 417 τόθ’
1814 383 2000 424 (Υψιπύλην

221 442 375 478 μειλίξατο
397 440 506 477 δέχθαι
530 438 647 477 ἰόντας.

359 580 405 610 12.
448 579 488 609 In
514 579 736 618 sequentibus
759 579 892 608 duobus
915 577 1049 607 animae
1073 577 1317 618 Pythagoreae
1340 579 1428 609 inter
1449 579 1606 610 homines
1629 578 1858 620 deverticulis,

540 633 573 663 in
598 633 788 672 Euphorbo
813 638 847 661 et
874 631 1090 661 Hermotimo
1115 631 1343 667 Clazomenio,
1366 633 1400 662 id
1422 633 1576 663 notabile
1602 643 1686 669 esse,

722 696 790 725 quo
813 686 914 715 ambo
939 686 1120 715 immatura
1145 692 1254 716 morte
1279 686 1488 718 occiderunt.

364 765 553 796 Aethalida
586 764 746 795 defuncto
782 770 862 803 post
893 764 977 794 satis
1009 765 1151 794 brevem
1185 766 1278 804 apud
1311 765 1437 796 inferos
1469 766 1773 796 commorationem
1794 783 1835 788 —
1857 777 1935 797 nam
1959 768 2004 797 ab

216 820 498 860 Argonautarum
528 818 749 857 expeditione
771 818 900 847 bellurn
921 817 1110 848 Troianum
1133 829 1200 848 una
1223 820 1397 850 hominurn
1420 826 1535 850 aetate
1557 827 1726 851 remotum
1751 826 1802 851 est
1821 838 1861 841 —
1877 821 2005 860 Pytha-

217 884 326 914 gorae
349 874 461 904 anima
498 873 650 902 secunda
672 872 898 911 generatione
933 872 965 902 in
990 871 1177 911 Euphorbi,
1210 873 1358 904 Panthoi
1390 873 1458 909 filii,
1483 884 1607 914 corpus
1629 874 1766 909 introiit,
1790 875 1847 913 qui
1870 875 1903 904 in
1926 875 2002 914 ipso

216 928 403 958 iuventutis
426 927 511 957 flore
537 933 571 956 et
593 927 720 956 robore
744 936 764 956 a
785 926 946 956 Menelao
982 926 1209 966 interemptus
1233 927 1284 966 (ΙΙ.
1309 938 1337 966 ρ,
1363 929 1413 966 51)
1443 928 1634 958 Homerum
1668 929 1770 959 sortis
1797 938 1881 958 suae
1904 939 2002 968 prae—

219 992 339 1013 conem
363 981 499 1011 invenit.
546 980 621 1010 Hos
644 980 892 1020 pulcherrimos
916 980 1059 1010 Homeri
1084 990 1205 1011 versus
1229 981 1453 1022 Pythagoras
1481 988 1644 1021 tanquam
1680 982 1915 1022 epithaphium
1939 983 2003 1013 sibi

218 1037 424 1067 destinatum
450 1035 597 1065 libenter
621 1041 654 1064 et
678 1034 945 1064 commotissimo
971 1044 1109 1073 semper
1131 1035 1244 1066 animo
1281 1036 1426 1066 recitare
1453 1037 1508 1066 vel
1532 1037 1576 1066 ad
1598 1037 1708 1075 lyram
1732 1046 1855 1067 canere
1879 1037 2001 1067 solitus

218 1097 301 1122 erat,
329 1090 375 1119 uti
404 1088 509 1119 refert
538 1088 744 1118 lamblichus
771 1087 840 1118 Vit.
868 1088 1016 1127 Pythag.
1047 1089 1076 1126 ξ.
1098 1089 1152 1120 63;
1178 1090 1229 1120 καὶ
1251 1092 1316 1120 τῶν
1337 1087 1523 1128 (Ομηρικῶν
1552 1091 1672 1129 στίχων
1700 1091 1838 1128 μάλιστα
1863 1092 2005 1129 ἐκείνους

217 1145 340 1180 ἐξύμνει
370 1144 420 1173 καὶ
453 1143 531 1180 μετὰ
561 1142 660 1180 λύρας
683 1142 901 1179 ἐμμελέστατα
926 1142 1085 1179 ἀνέμελπε
1117 1145 1167 1174 καὶ
1200 1146 1328 1182 πυκνῶς
1361 1144 1520 1183 ἀνεφώνει
1551 1146 1626 1183 τοὺς
1657 1145 1846 1183 ἐπιταφίους
1870 1145 2003 1176 ἑαυτοῦ·

217 1198 320 1236 αἵματί
343 1197 373 1228 οἱ
395 1197 533 1228 δεύοντο
557 1197 650 1234 κόμαι
674 1197 859 1235 χαρίτεσσιν
883 1196 988 1234 ὁμοῖαι
1012 1199 1076 1227 κτλ.
1120 1197 1343 1237 Pythagoras
1375 1207 1459 1228 vero
1487 1207 1548 1228 cur
1578 1208 1622 1228 ex
1660 1198 1817 1228 omnibus
1839 1198 2004 1228 heroibus

218 1251 412 1282 Homericis
435 1251 661 1290 Euphorbum
686 1251 914 1290 potissumum
938 1256 1103 1290 tanquam
1137 1251 1282 1281 alterurn
1315 1261 1352 1281 se
1375 1251 1577 1282 salutaverit
1611 1258 1644 1281 et
1677 1261 1752 1282 eum
1776 1251 2002 1290 potissumum

216 1308 338 1337 eadem
361 1306 475 1336 anima
497 1315 595 1335 usum
618 1315 695 1335 esse
719 1305 881 1344 opinatus
904 1304 956 1342 sit,
981 1305 1110 1344 optime
1134 1305 1300 1345 explicuit
1324 1305 1363 1336 O.
1387 1305 1586 1345 Muellerus,
1609 1305 1768 1336 Doriens.
1791 1305 1833 1340 12,
1858 1306 1928 1336 221.
1964 1305 2003 1335 In

216 1361 363 1391 Panthoi
387 1360 491 1390 domo
515 1359 688 1399 Apollinis
722 1360 814 1398 apud
838 1358 1010 1389 Troianos
1039 1359 1271 1389 sacerdotium
1294 1360 1540 1390 hereditarium
1568 1359 1648 1394 fuit;
1683 1359 1816 1399 Vergil.
1852 1360 1940 1390 Aen.
1963 1359 2004 1395 ΙΙ,

215 1417 290 1447 430:
314 1425 371 1444 mc·
393 1416 424 1443 lc
440 1413 606 1454 plurima,
630 1413 774 1447 Panthu,
799 1413 810 1453 l
831 1413 1010 1443 Labentem
1030 1412 1152 1453 pictas,
1178 1423 1235 1443 nec
1251 1413 1428 1455 Apollinis
1450 1413 1568 1454 z'tgfula
1583 1413 1681 1445 fcxil.
1705 1414 2004 1454 Polydamantem‚

216 1470 360 1500 alterum
385 1479 403 1499 e
426 1468 574 1498 Panthoi
595 1467 681 1502 filiis,
706 1468 836 1507 Apollo
862 1467 893 1497 in
918 1467 1052 1507 proelio
1079 1468 1170 1498 omni
1196 1469 1310 1498 studio
1334 1474 1448 1498 tuetur
1472 1468 1509 1499 Il.
1533 1478 1559 1505 o,
1587 1469 1660 1498 521:
1685 1468 1723 1499 οὐ
1746 1469 1807 1506 γὰρ
1830 1463 2005 1498 Ἀπόλλων

216 1524 228 1563 Η
251 1524 301 1555 εἴα
325 1523 459 1554 Πάνθου
483 1523 553 1553 υἱὸν
576 1523 622 1553 ἐνὶ
644 1522 838 1560 προμάχοισι
862 1524 1009 1560 δαμῆναι.
1054 1521 1278 1562 Pythagoras
1302 1532 1385 1552 vero
1410 1522 1607 1562 Apollinem
1629 1528 1665 1552 ut
1689 1521 1869 1552 mirificum
1890 1531 2004 1551 rerum

218 1587 355 1608 suarum
378 1583 563 1616 patronum
587 1577 702 1607 colere
726 1576 871 1614 solebat,
906 1586 982 1606 cum
1018 1586 1086 1615 quo
1119 1576 1238 1606 intimo
1269 1577 1422 1616 quodam
1460 1576 1612 1606 caritatis
1640 1575 1775 1605 vinculo
1804 1575 2005 1606 coniunctus

217 1638 322 1671 esset;
356 1631 442 1662 conf.
464 1631 582 1662 Iambl.
615 1631 658 1661 ib.
681 1630 708 1670 ἓ.
733 1631 761 1661 8.
804 1630 1036 1670 Posteaquam
1071 1629 1185 1660 anima
1215 1631 1271 1660 illa
1303 1630 1517 1660 nobilissima
1540 1640 1558 1659 e
1580 1629 1795 1660 Panthoidae
1827 1629 2004 1669 Euphorbi

217 1695 363 1725 corpore
393 1685 575 1715 immaturo
609 1684 681 1714 fato
712 1685 928 1719 discesserat,
965 1689 1046 1723 post
1080 1684 1248 1724 temporis
1281 1685 1404 1715 iterum
1438 1685 1532 1714 haud
1555 1684 1603 1714 ita
1625 1684 1766 1723 longum
1788 1683 2004 1713 intervallum

217 1740 318 1770 tertia
351 1739 578 1779 generatione
613 1739 730 1778 (atque
761 1739 898 1768 omnino
932 1748 1042 1777 usque
1073 1739 1118 1768 ad
1146 1738 1386 1778 Pythagoram
1420 1739 1570 1778 quinque
1606 1736 1774 1768 eiusmodi
1800 1738 1931 1776 gradus
1958 1738 2003 1767 ab

216 1794 406 1824 Aethalida
428 1793 709 1831 numerabantur)
732 1792 765 1822 in
788 1792 996 1822 Hermotimi
1022 1791 1229 1822 Clazomenii
1253 1792 1403 1831 speciem
1427 1793 1586 1832 ingressa
1609 1798 1671 1824 est,
1699 1791 1757 1830 qui
1780 1790 2003 1830 Euphorbum

218 1858 256 1878 se
279 1853 394 1878 aetate
417 1847 597 1887 superiore
629 1846 744 1879 fuisse.
779 1855 821 1875 ea
854 1855 891 1876 re
928 1847 1187 1881 demonstravit,
1224 1847 1318 1886 quod
1351 1846 1384 1876 in
1407 1846 1679 1876 Branchidarum
1715 1845 1801 1875 aede
1833 1845 2006 1885 Apollinis

218 1912 316 1933 sacra
345 1901 523 1931 confestim
559 1910 763 1940 suspensum
796 1900 842 1929 ibi
870 1900 904 1929 in
936 1900 1070 1939 pariete
1094 1900 1252 1940 clypeum
1276 1900 1434 1940 agnovit,
1472 1910 1575 1939 quem
1599 1899 1672 1933 sibi,
1704 1899 1721 1929 i,
1749 1909 1775 1930 e.
1804 1899 2004 1939 Euphorbo,

218 1957 298 1986 olim
321 1956 409 1986 inter
432 1955 545 1994 spolia
565 1962 720 1994 ereptum
745 1954 925 1984 Menelaus
949 1954 1102 1992 Apollini
1126 1954 1372 1989 dedicavisset;
1395 1953 1501 1993 Diog.
1525 1953 1584 1984 La.
1607 1953 1701 1988 VIII,
1726 1954 1753 1993 ἓ,
1777 1954 1812 1984 5:
1837 1954 1944 1991 ἐπειδὴ
1968 1954 2003 1984 δὲ

219 2010 390 2048 Εὔφορβος
412 2009 577 2046 ἀποθάνοι,
602 2010 775 2047 μεταβῆναι
795 2009 854 2045 τὴν
869 2009 975 2046 ψυχὴν
991 2008 1090 2039 αὐτοῦ
1114 2008 1160 2046 εἰς
1182 2006 1388 2047 (Ερμότιμον,
1411 2009 1449 2046 ὃς
1467 2008 1518 2038 καὶ
1534 2007 1633 2046 αὐτὸς
1652 2008 1759 2038 πίστιν
1774 2009 1886 2039 δοῦναι
1902 2008 2005 2038 θέλων

219 2066 396 2101 ἐπανῆλθεν
419 2063 464 2101 εἰς
489 2064 682 2101 Βραγχίδας·
707 2063 757 2093 καὶ
780 2062 935 2093 εἰσελθὼν
955 2062 999 2100 εἰς
1021 2063 1058 2094 τὸ
1081 2065 1138 2094 τοῦ
1172 2060 1379 2100 Ἀπόλλωνος
1394 2063 1491 2101 ἱερὸν,
1505 2063 1664 2094 ἐπέδειξεν
1686 2063 1725 2099 ἣν
1741 2062 1909 2099 Μενέλαος
1933 2061 2004 2092 ἀνέ-

219 2122 313 2156 θηκεν
338 2119 466 2149 ἀσπίδα.
491 2117 577 2148 conf.
602 2118 771 2157 Porphyr.
795 2117 866 2147 Vit.
888 2117 988 2157 Pyth.
1014 2118 1062 2148 45.
1100 2117 1156 2147 De
1179 2117 1394 2148 Hermotimo
1418 2117 1601 2146 multorum
1625 2116 1828 2155 scriptorum
1851 2125 1910 2145 ore
1931 2116 2003 2145 vol-

218 2179 301 2213 gata
325 2179 376 2202 est
399 2171 517 2202 fabula
541 2171 624 2202 satis
647 2170 802 2201 mirifica:
829 2171 900 2202 eius
926 2172 1073 2202 animam
1097 2181 1160 2212 per
1182 2171 1365 2202 intervalla
1388 2181 1407 2201 e
1431 2180 1578 2210 corpore
1609 2169 1779 2210 expatiari
1811 2169 1946 2199 solitam
1969 2169 2003 2199 in

219 2232 371 2256 remotas
394 2232 505 2255 terras
531 2226 720 2255 accessisse
743 2235 900 2264 quaeque
920 2225 966 2255 ibi
991 2226 1206 2265 compererit,
1237 2225 1428 2264 nuntiasse3
1463 2225 1549 2255 Plin.
1573 2230 1641 2255 nat.
1662 2223 1738 2254 hist.
1764 2223 1840 2257 VII,
1876 2224 1903 2261 ξ.
1930 2223 2004 2254 174:

219 2278 406 2320 reperimus
438 2278 529 2309 inter
566 2279 716 2320 arcmpla
749 2278 951 2309 Hffnmtsmz'
984 2279 1188 2309 Clazomenii
1218 2278 1369 2309 animam
1404 2277 1520 2308 relicto
1552 2280 1685 2318 corpore
1718 2287 1835 2306 errare
1867 2276 2002 2307 solitam

217 2343 403 2374 vagamque
423 2342 440 2362 c
462 2332 649 2373 longinquo
672 2333 776 2363 multa
800 2332 1018 2373 adnuntiare,
1051 2343 1135 2374 quae
1158 2333 1232 2363 nist?
1252 2343 1272 2363 a
1290 2334 1467 2373 praesente
1500 2330 1595 2361 nosci
1616 2341 1682 2361 non
1700 2333 1845 2372 possent,
1869 2333 2004 2371 corpore
