2225 3049
1039 225 1105 255 VH

183 322 443 363 Syracusarum,
478 322 535 362 qui
557 333 645 352 anno
669 322 721 353 Ol.
746 323 793 355 75.
814 324 832 353 3
863 323 990 361 (47Ss77
1015 332 1042 354 a.
1067 322 1157 362 Chr.)
1185 323 1341 355 decessit.
1372 324 1537 354 honorem
1568 331 1672 363 poeta
1710 332 1961 366 composuerat.

184 377 281 408 Haec
303 378 500 408 coniectura
523 386 681 407 maxume
705 386 746 406 eo
763 377 1032 415 commendatur,
1057 377 1148 415 quod
1171 376 1257 406 mira
1280 377 1450 416 quaedam
1473 378 1548 407 huic
1565 379 1758 419 fragmento
1775 381 1959 411 similitudo

182 431 364 461 intercedit
386 441 461 461 cum
492 431 640 461 carmine
664 430 846 470 Olympico
870 430 903 460 ΙΙ
926 430 1003 459 anni
1028 430 1099 465 476,
1130 440 1198 469 quo
1223 430 1417 460 Theronem
1441 430 1609 461 Pindarus
1640 434 1792 464 celebrat
1823 440 1857 464 et
1879 444 1958 465 con-

183 485 322 523 solatur,
347 484 380 514 in
403 494 470 523 quo
493 484 643 514 carmine
664 483 846 514 manifesta
870 483 959 513 inest
982 483 1135 518 Gelonis,
1159 484 1328 514 Theronis
1357 485 1476 524 generi
1505 491 1538 515 et
1561 488 1722 524 quamdiu
1746 488 1842 523 vixit,
1871 488 1960 518 The-

181 538 256 568 roni
280 538 466 573 carissumi,
490 548 598 577 nuper
613 548 696 568 vero
718 538 843 567 mortui
859 544 963 577 atque
979 538 1012 567 in
1028 539 1170 568 heroum
1185 548 1362 569 numerum
1377 538 1486 574 relati,
1510 541 1685 571 memoria.
1703 541 1790 572 conf.
1805 542 1957 572 Boeckh.

181 591 366 631 Explicatt.
388 602 420 631 p.
446 593 513 627 121,
536 592 590 622 lin.
614 593 641 622 4.
681 591 848 621 Pindarus
872 592 975 630 igitur
998 592 1030 621 in
1053 593 1119 622 hoc
1142 591 1346 631 fragmento,
1371 592 1465 622 cuius
1481 592 1581 622 nobis
1598 592 1697 622 Plato
1722 594 1854 634 copiam
1880 595 1958 625 fecit

180 646 213 675 in
234 645 381 676 Menone
403 656 435 685 p.
457 645 526 684 Slb,
549 647 652 675 hasce
673 646 824 684 pectoris
845 645 895 674 sui
916 646 1161 684 pulcherrimas
1177 645 1327 676 visiones
1350 646 1528 685 eloquitur.
1568 646 1640 676 Nos
1656 656 1773 677 omnes
1791 650 1953 679 mortales

179 700 288 730 cladis
313 700 401 730 illius
423 700 557 739 priscae
579 700 827 738 luctuosaeque
850 700 1001 736 (παλαιοῦ
1025 700 1183 738 πένθεος),
1207 710 1296 739 quae
1320 701 1493 739 quondam
1517 700 1616 729 huius
1639 706 1778 731 nostrae
1802 703 1834 732 in
1858 704 1956 733 terris

181 753 469 793 peregrinationis
494 753 592 792 origo
616 752 688 789 fuit,
718 763 849 792 poenas
872 753 1003 782 luimus.
1050 752 1104 782 Ac
1126 753 1229 792 longe
1259 754 1412 792 plurimis
1443 754 1580 793 quidem
1609 754 1766 784 diuturna
1798 756 1957 795 migratio

178 817 240 846 per
263 808 388 837 multas
411 807 654 847 generationes
678 812 712 837 et
733 813 863 837 mortes
887 807 1121 836 exhaurienda
1147 813 1209 836 est.
1262 806 1333 837 Sed
1361 813 1438 837 sunt
1463 808 1594 838 electae
1624 809 1793 847 quaedam
1818 810 1958 843 animae.

178 871 199 890 a
223 862 345 900 quibus
367 861 539 898 maturius,
571 871 673 900 quam
697 872 717 890 a
746 861 884 900 reliquis
908 860 1116 899 Proserpina
1139 870 1270 899 poenas
1292 867 1328 890 ut
1353 862 1483 891 solutas
1513 862 1646 901 accipit.
1698 862 1766 892 Eas
1798 863 1854 892 illa
1878 870 1956 902 post

179 920 258 945 octo
281 915 349 944 iam
372 924 537 944 annorum
562 915 707 954 spatium
732 924 864 944 sursum
887 924 1005 944 rursus
1029 914 1061 943 in
1084 915 1259 944 hominum
1284 916 1494 945 consortium
1518 915 1665 951 dimittit,
1695 916 1751 946 ubi
1775 926 1877 956 reges
1901 929 1954 947 ve-

177 969 319 999 nerandi
343 967 426 998 fiunt
449 974 508 998 aut
530 969 593 998 viri
613 969 781 1008 sapientia
805 974 838 998 et
866 968 1063 998 fortitudine
1087 968 1246 1007 insignes,
1276 979 1343 1008 quo
1369 979 1471 999 cursu
1494 970 1654 1000 absoluto
1678 970 1709 1000 in
1734 971 1877 1000 heroum
1901 972 1956 1001 de—

176 1021 278 1061 nique
299 1031 476 1051 numerum
499 1022 715 1061 recipiuntur.
761 1022 890 1052 Extant
913 1022 1005 1061 apud
1028 1022 1207 1052 Platonem
1231 1023 1263 1052 in
1290 1022 1437 1053 Menone
1460 1033 1492 1062 p.
1518 1023 1574 1053 81¹·
1599 1023 1741 1063 (Bergk,
1765 1024 1862 1055 Poet.
1878 1025 1957 1064 Lyr.

177 1075 235 1106 Gr.
259 1075 302 1109 14,
326 1076 401 1113 428)
425 1076 500 1105 hice
523 1075 661 1105 Pindari
685 1076 903 1115 pulcherrimi
926 1086 1061 1106 versus:
1088 1075 1153 1106 οἷσι
1177 1077 1211 1106 δὲ
1228 1076 1423 1114 Φερσεφόνα
1447 1077 1561 1108 ποινὰν
1577 1079 1715 1108 παλαιοῦ
1730 1079 1866 1117 πένθεος
1882 1078 1893 1118 l}
1910 1080 1959 1110 δέ·

176 1132 268 1163 Ξεται,
299 1129 334 1168 ἐς
357 1130 414 1160 τὸν
439 1129 577 1167 ὕπερθεν
600 1129 690 1160 ἅλιον
715 1129 828 1160 κείνων
858 1129 960 1169 ἐνάτῳ
988 1129 1210 1169 ἕτεϊΗάνδιδοῑ
1240 1131 1344 1168 ψυχὰς
1373 1131 1476 1167 πάλιν,
1492 1131 1503 1170 ΙΙ
1519 1132 1552 1161 ἐκ
1575 1133 1632 1162 τάν
1665 1134 1814 1170 βασιλῆες
1846 1132 1958 1169 ἀγαυοὶ

176 1184 228 1214 καὶ
250 1183 358 1214 σθένει
381 1184 526 1221 κραιπνοὶ
549 1184 650 1223 σοφίᾳ
665 1194 698 1214 τε
715 1184 856 1221 μέγιστοι
872 1183 883 1223 Η
900 1183 1016 1222 ἄνδρες
1032 1183 1171 1215 αὔξοντ’“
1199 1185 1232 1222 ἐς
1257 1186 1290 1215 δὲ
1308 1185 1363 1215 τὸν
1380 1186 1495 1216 λοιπὸν
1512 1186 1630 1223 χρόνον
1652 1186 1754 1224 ἥρωες
1771 1187 1862 1223 ἁγνοὶ
1877 1188 1958 1226 πρὸς

176 1237 355 1274 ἀνθρώπων
371 1238 547 1267 καλεῦνται.
585 1236 623 1266 In
644 1237 694 1266 his
717 1237 876 1276 antiquus
900 1247 1034 1267 maeror
1058 1238 1206 1275 (παλαιὸν
1230 1239 1367 1276 πένθος),
1392 1239 1495 1273 cuius„
1520 1245 1555 1269 ut
1572 1239 1618 1269 ait
1634 1239 1811 1280 Pindarus,
1827 1251 1959 1280 poenas

176 1291 385 1330 Proserpina
397 1296 559 1330 tanquam
573 1291 704 1321 solutas
715 1291 848 1331 accipit,
865 1297 1044 1330 peccatum
1057 1292 1150 1321 haud
1165 1293 1267 1322 dubie
1283 1293 1525 1333 primigenium
1539 1300 1600 1328 est,
1618 1295 1710 1333 quod
1726 1295 1958 1334 euphemismo

175 1354 257 1374 usus
291 1349 397 1383 poeta
425 1345 542 1382 πένθος
577 1350 687 1375 vocat.
739 1344 793 1374 Ex
828 1345 892 1375 hoc
923 1345 1009 1375 enim
1041 1351 1183 1385 peccato
1208 1356 1357 1377 summus
1381 1348 1492 1377 luctus
1515 1348 1632 1383 oritur,
1665 1349 1824 1387 quoniam
1848 1349 1959 1380 anima

175 1399 209 1428 in
231 1399 297 1428 hoc
320 1408 443 1437 corpus
469 1404 631 1437 tanquam
654 1399 687 1428 in
711 1399 849 1438 aliquod
873 1401 1066 1438 sepulcrum
1099 1400 1302 1430 abscondita
1325 1406 1392 1438 est3
1415 1401 1501 1431 Plat.
1521 1402 1610 1432 Crat.
1634 1412 1666 1441 p.
1690 1403 1782 1433 4000:
1806 1403 1842 1434 τὸ
1865 1407 1958 1439 σῶμα

175 1453 314 1491 λέγεις;.
333 1454 423 1484 ..καὶ
446 1454 506 1491 γὰρ
525 1453 611 1490 σῆμά
633 1454 717 1491 τινές
741 1462 841 1491 φασιν
866 1454 944 1485 αὐτὸ
969 1454 1117 1493 εἶναιτῆς
1140 1456 1253 1493 ψυχῆς,
1278 1456 1322 1493 ὡς
1345 1456 1545 1494 τεθαμμένης
1569 1456 1603 1487 ἐν
1626 1459 1669 1496 τῷ
1693 1458 1749 1487 νῦν
1773 1456 1914 1495 παρόντι.

294 1593 323 1623 6.
361 1592 557 1632 Pindarum,
581 1603 656 1623 cum
679 1593 924 1633 Proserpinam
948 1595 991 1624 ab
1017 1595 1137 1624 animis
1161 1600 1372 1625 mortuorum
1397 1596 1534 1625 exorari
1557 1601 1720 1635 oportere
1744 1596 1834 1631 dicit,

317 1646 546 1686 Orphicorum
569 1648 707 1678 inventa
731 1648 843 1687 sequi;
869 1659 945 1678 cum
968 1649 1098 1678 animas
1123 1654 1318 1679 sanctorum
1341 1655 1420 1688 post
1443 1655 1520 1680 octo
1545 1661 1653 1680 annos
1677 1660 1811 1681 sursum

585 1702 707 1732 dimitti
732 1703 843 1735 docet,
868 1703 912 1732 ad
933 1703 1087 1733 instituta
1110 1703 1281 1742 Delphica
1305 1713 1341 1733 se
1364 1703 1547 1742 applicare.

321 1779 456 1810 Deinde
473 1780 565 1819 quod
582 1780 750 1810 Pindarus
767 1781 800 1810 in
816 1781 872 1811 illo
888 1781 1083 1821 fragmento
1102 1781 1195 1811 dicit:
1219 1781 1462 1821 Proserpinam
1482 1783 1525 1812 ab
1543 1783 1721 1813 animabus
1750 1783 1815 1813 illis
1831 1783 1959 1822 pietate

173 1833 366 1872 conspicuis
388 1843 518 1872 poenas
542 1840 578 1863 ut
601 1835 730 1864 solutas
753 1835 922 1873 accipere:
955 1834 1017 1865 οἷσι
1041 1835 1235 1873 Φερσεφόνα
1265 1837 1380 1867 ποινὰν
1413 1837 1543 1874 δέξεται,
1571 1837 1605 1866 id
1629 1847 1673 1866 ex
1697 1837 1809 1867 media
1833 1836 1957 1876 Orphi-

171 1897 290 1917 corum
312 1887 488 1926 theologia
503 1888 647 1926 petitum
663 1894 724 1919 est.
756 1888 844 1918 Nam
869 1889 1055 1918 secundum
1069 1888 1238 1928 Orphicos
1257 1890 1411 1929 Iuppiter
1437 1890 1510 1920 deis
1526 1891 1705 1930 nonnullis,
1729 1901 1842 1921 rerum
1866 1891 1958 1929 apud

173 1940 303 1971 inferos
326 1941 543 1980 praesidibus
560 1947 594 1972 et
610 1942 764 1977 dominis,
789 1944 877 1973 hanc
899 1942 1089 1982 potentiam
1113 1943 1240 1979 tribuit,
1264 1949 1301 1973 ut
1317 1944 1427 1974 nullus
1450 1954 1468 1974 e
1490 1945 1691 1975 mortalibus
1714 1955 1758 1975 ex
1782 1944 1877 1974 fatali
1900 1944 1958 1974 mi-

172 1995 339 2034 grationis
361 2005 424 2034 per
454 1995 551 2025 varia
575 2005 722 2035 corpora
745 1997 829 2025 orbe
860 1996 944 2026 solvi
973 1997 1092 2036 possit,
1126 1997 1182 2036 qui
1205 2007 1273 2027 non
1304 1998 1361 2027 illa
1388 1999 1525 2028 numina
1556 1998 1784 2036 exoravisset3
1823 1999 1866 2028 de
1889 2008 1956 2038 quo

174 2048 405 2088 Orphicorum
434 2049 561 2089 placito
593 2050 734 2089 cognitu
765 2050 995 2089 dignissumus
1026 2056 1079 2080 est
1109 2051 1203 2080 locus
1237 2052 1330 2090 apud
1355 2052 1567 2091 Simplicium
1597 2053 1640 2082 ad
1664 2053 1891 2083 Aristotelem
1915 2053 1957 2082 de

175 2103 271 2132 eaelo
295 2103 318 2135 Ι,
346 2104 359 2133 1
386 2104 451 2139 (ed.
476 2103 629 2134 Karsten
653 2114 685 2143 p.
712 2103 791 2134 16812
815 2105 884 2141 ‘23ss
910 2104 1076 2141 ἐνδεθῆναι
1099 2106 1133 2135 δὲ
1158 2105 1218 2136 ὑπὸ
1242 2108 1298 2136 τοῦ
1396 2109 1589 2145 δημιουργοῦ
1614 2109 1689 2138 θεοῦ
1714 2108 1749 2138 ἐν
1772 2110 1816 2147 τῷ
1840 2109 1897 2145 τῆς
1918 2106 1956 2137 εἱ-

176 2158 335 2195 μαρμένης
357 2158 408 2188 καὶ
430 2158 590 2195 γενέσεως
610 2161 724 2199 τροχῷ,
758 2158 857 2196 οὗπερ
882 2158 1042 2189 ἀδύνατον
1066 2158 1295 2196 ἀπαλλαγῆναι,
1326 2161 1405 2191 κατὰ
1438 2161 1494 2191 τὸν
1524 2156 1658 2199 Ὀρφέα,
1691 2162 1730 2199 μὴ
1762 2161 1838 2198 τοὺς
1862 2162 1956 2199 θεοὺς

176 2211 316 2249 ἐκείνους
339 2211 567 2249 ἱλεωσάμενον,
595 2211 643 2250 οἷς
668 2212 818 2243 ἐπέταξεν
835 2212 852 2243 ὁ
871 2212 954 2250 Ζεὺς
972 2212 990 2222 “
1000 2213 1115 2243 κύκλου
1139 2211 1164 2242 τ’
1182 2213 1317 2244 ἀλλῦσαι
1341 2215 1390 2244 καὶ
1414 2214 1573 2252 ἀναψῦξαι
1596 2215 1773 2253 κακότητος
1783 2210 1800 2225 ''
1823 2215 1881 2253 τὰς
1904 2215 1955 2246 ἀν-

176 2265 337 2302 θρωπίνας
368 2266 485 2304 ψυχάς.
541 2265 698 2305 Denique
724 2267 807 2296 illud
830 2276 968 2306 quoque
1002 2267 1033 2296 in
1057 2267 1168 2296 threni
1192 2267 1364 2298 Pindarici
1388 2268 1581 2307 fragmento
1605 2269 1837 2308 explicatione
1866 2275 1956 2308 eget,

176 2319 270 2357 quod
294 2318 502 2358 Proserpina
536 2320 687 2350 virorum
712 2330 794 2350 vere
819 2321 953 2360 piorum
989 2326 1022 2350 et
1046 2327 1241 2351 sanctorum
1265 2322 1394 2351 animas
1428 2328 1507 2361 post
1541 2329 1618 2353 octo
1643 2333 1752 2353 annos
1776 2323 1957 2353 absolutos
