2225 3049
1047 220 1117 250 XII

199 325 349 360 poscunt.
406 315 625 346 Pulcherrimi
650 315 807 345 carminis
829 315 971 355 Orphici
1003 325 1122 345 versus
1157 316 1199 346 de
1223 317 1401 346 beatorum
1439 315 1600 354 praemiis
1631 315 1757 344 servati
1781 320 1858 344 sunt
1880 315 1972 354 apud

198 372 349 404 Proehnn
378 371 419 400 ib.
451 379 482 408 p.
515 369 583 399 117:
623 369 651 399 οἱ
679 370 735 407 μέν
762 371 788 400 τ’
816 371 992 406 εὐαγέωσιν
1022 369 1073 400 ὑπ’
1104 369 1205 406 αὐγὰς
1235 368 1489 409 ἠελίοιο,[1αὖτις
1511 368 1722 406 ἀποφθίμενοι
1746 368 1972 406 μαλακώτερον

197 427 282 457 οιτον
306 425 434 461 ε”χουσιν
448 422 505 462 Ηὲν
523 424 608 462 καλῷ
631 425 758 461 λειμῶνι
773 424 951 462 βαθύρροον
969 423 1046 460 ἀμφ’
1069 422 1251 460 Ἀχέροντα.
1296 422 1469 452 Diodorus
1497 421 1597 453 Sicul.
1614 422 1639 460 I,
1655 422 1704 461 96,
1728 423 1745 452 5
1770 427 1806 452 ut
1822 432 1894 452 rem
1916 423 1975 452 de-

197 484 366 509 cantatam
388 482 556 507 memorat
590 487 633 506 ex
657 476 787 516 Orphei
816 478 926 516 poesi:
957 478 1081 514 τὰς...
1106 480 1170 507 τῶν
1201 477 1328 515 ἀσεβῶν
1357 478 1391 507 ἐν
1413 477 1521 508 Ἅιδου
1551 477 1699 514 τιμωρίας
1728 477 1777 506 καὶ
1805 477 1880 514 τοὺς
1910 478 1973 507 τῶν

196 533 335 569 εὐσεβῶν
359 533 524 568 λειμῶνας.

330 672 376 701 10.
422 670 476 700 De
500 676 657 710 tempore
681 671 772 709 apud
796 669 922 699 inferos
945 667 1059 700 “inter
1084 670 1168 700 duas
1191 666 1304 700 vitas''
1327 670 1580 710 gravissumam
1606 676 1639 700 et
1661 670 1844 709 permiram

225 725 334 763 primo
358 725 525 764 adspectu
548 725 735 754 Pindarum
758 723 962 754 sententiam
985 724 1073 754 hanc
1088 734 1283 763 proponere
1307 724 1359 755 Ol.
1384 724 1432 758 Π,
1458 726 1514 755 63:
1539 723 1777 754 defunctorum
1800 724 1930 754 animas

395 779 593 817 delinquere
616 788 730 817 posse,
755 783 858 817 atque
882 788 923 807 ea
947 778 1073 807 delicta
1097 788 1200 817 supra
1223 777 1255 807 in
1278 784 1371 808 terra
1394 778 1514 817 puniri,
1542 778 1629 808 sicut
1654 778 1779 808 delicta

735 841 839 870 supra
862 838 989 861 terram
1014 832 1165 861 admissa
1185 832 1277 871 apud
1300 831 1435 862 inferos.

345 912 428 941 Cum
447 911 551 949 igitur
568 912 609 940 de
627 911 747 940 eadem
764 921 801 940 re
819 911 886 940 duo
904 911 1077 940 contraria
1092 911 1379 949 philosophorum
1396 911 1536 941 decreta
1551 911 1787 946 invenerimus,
1812 911 1977 950 Platonis,

196 964 253 1004 qui
278 975 381 1004 quam
407 964 617 1003 amplissima
640 964 698 994 illa
720 964 899 994 intervalla
923 970 1136 995 commentus
1160 970 1221 1000 est,
1247 971 1279 995 et
1301 965 1540 1004 Orphicorum,
1564 965 1620 1004 qui
1642 975 1744 1004 quam
1763 965 1979 995 brevissuma

200 1019 257 1048 illa
281 1018 423 1058 fingunt,
447 1018 563 1056 magni
587 1028 676 1047 nunc
700 1018 863 1048 momenti
888 1019 952 1048 erit
969 1018 1064 1053 scire,
1089 1019 1170 1058 quid
1187 1029 1290 1058 super
1306 1020 1370 1049 hac
1386 1029 1423 1049 re
1440 1019 1673 1059 Pythagoreis
1696 1020 1871 1059 placuerit.
1906 1020 1976 1051 Sed

198 1073 264 1102 iam
290 1079 473 1111 antequam
498 1072 531 1101 id
555 1072 780 1111 expediamus
803 1073 992 1112 paullisper
1016 1074 1251 1103 subsistamus.
1284 1073 1372 1103 Nam
1397 1084 1455 1104 cur
1476 1075 1562 1104 haec
1585 1073 1743 1113 quaestio
1767 1080 1835 1104 tam
1858 1075 1976 1114 gravis

199 1127 250 1159 sit,
275 1126 498 1165 aperiendum
524 1132 584 1157 est,
631 1126 764 1156 Etenim
799 1128 927 1165 pendet
958 1128 1002 1157 ab
1035 1129 1099 1157 hac
1128 1128 1171 1157 de
1194 1128 1452 1157 intervallorum
1477 1129 1569 1167 apud
1591 1127 1718 1158 inferos
1741 1128 1977 1167 magnitudine

200 1180 404 1219 quaestione
428 1181 536 1210 altera
560 1180 666 1210 multo
689 1180 830 1219 gravior
853 1181 954 1211 haec:
990 1191 1068 1210 num
1093 1191 1134 1211 ea
1157 1181 1257 1212 fuerit
1281 1182 1469 1212 animarum
1494 1183 1585 1221 apud
1609 1181 1734 1212 inferos
1758 1182 1918 1219 conditio,
1942 1187 1978 1213 ut

200 1235 400 1273 delinquere
424 1235 611 1273 potuerint;
647 1245 725 1264 num
748 1233 820 1265 fieri
841 1235 1002 1274 potuerit,
1037 1241 1073 1265 ut
1096 1235 1128 1265 in
1152 1236 1209 1265 illa
1233 1237 1324 1274 apud
1347 1235 1475 1266 inferos
1511 1236 1781 1266 commoratione
1805 1236 1915 1266 iustae
1938 1247 1978 1267 ac

194 1288 272 1327 piae
295 1288 428 1318 animae
451 1288 615 1318 felicitate
639 1289 714 1327 ipsa
737 1295 923 1328 corruptae
942 1295 1076 1319 mutato
1093 1300 1210 1319 rursus
1230 1300 1330 1320 cursu
1354 1291 1398 1320 ad
1421 1295 1566 1329 peccata
1582 1290 1827 1325 relaberentur,
1851 1290 1978 1329 impiae

196 1352 279 1372 vero
304 1347 338 1372 et
361 1343 507 1372 iniustae
531 1348 708 1382 assumpta
731 1344 944 1373 contumacia
969 1344 1106 1383 peiores
1128 1344 1230 1373 etiam
1246 1343 1377 1374 fierent.
1415 1344 1471 1374 Ab
1492 1344 1586 1374 hisce
1603 1344 1859 1383 quaestionibus
1883 1349 1977 1374 recte

196 1396 424 1426 diiudicandis
458 1397 585 1435 pendet
620 1396 791 1436 magnifici
816 1397 990 1427 cuiusdam
1022 1405 1056 1427 et
1086 1397 1202 1428 eximii
1236 1399 1327 1437 apud
1353 1398 1539 1427 Pindarum
1563 1399 1630 1428 loci
1664 1404 1759 1428 recta
1783 1399 1977 1438 explicatio,

196 1461 264 1489 quo
277 1451 304 1480 is
318 1460 414 1480 suam
429 1451 472 1495 de
483 1451 747 1490 generationum
760 1452 855 1485 orbe,
875 1452 918 1482 de
933 1452 1171 1482 defunctorum
1190 1470 1223 1473 —
1242 1452 1397 1482 mirabile
1420 1452 1512 1482 dictu
1526 1470 1563 1473 —
1578 1453 1739 1492 peccatis,
1764 1453 1911 1492 denique
1935 1454 1977 1484 de

196 1511 313 1534 mutua
338 1505 476 1534 omnino
499 1505 597 1535 huius
622 1506 713 1535 vitae
738 1511 771 1535 et
795 1506 887 1536 vitae
910 1512 988 1545 post
1012 1512 1157 1536 mortem
1183 1507 1316 1536 ratione
1339 1507 1530 1546 proposuit,
1579 1507 1632 1538 Ol.
1651 1507 1692 1542 II,
1717 1508 1752 1537 61
1783 1508 1834 1538 ed.
1852 1507 1978 1538 Christ:

195 1560 213 1590 ὁ
238 1559 298 1596 μὰν
322 1561 461 1597 πλοῦτος
479 1584 484 1589 .
504 1584 509 1589 .
528 1586 532 1590 .
551 1560 753 1597 ἐτυμώτατον
769 1559 780 1599 Η
797 1560 886 1598 ἀνδρὶ
904 1561 1041 1598 φέγγος
1066 1560 1094 1591 εἴ
1115 1561 1150 1597 γε’
1174 1571 1222 1592 νιν
1238 1561 1320 1598 ἔχων
1342 1572 1388 1599 τις
1405 1560 1491 1592 οἶδεν
1516 1562 1552 1592 τὸ
1576 1562 1698 1599 μέλλον,
1714 1560 1726 1600 1]
1741 1561 1789 1592 ὅτι
1813 1562 1979 1593 Θανόντων

197 1614 253 1651 μὲν
277 1613 381 1644 ἐνθάδ’
407 1614 504 1644 αὐτίκ’
529 1614 709 1651 ἀπάλαμνοι
733 1615 850 1652 φρένες
870 1615 880 1653 Η
900 1616 1014 1652 ποινὰς
1037 1615 1155 1652 ἔτισαν,
1179 1616 1218 1646 τὰ
1241 1615 1268 1646 δ’
1292 1615 1326 1646 ἐν
1349 1618 1425 1654 τᾷδε
1449 1616 1531 1653 Διὸς
1558 1615 1639 1655 ἀρχᾷ
1655 1614 1666 1653 Η
1683 1614 1794 1653 ἀλιτρὰ
1816 1617 1896 1646 κατὰ
1918 1617 1978 1654 γᾶς

196 1668 312 1699 δικάζει
335 1679 382 1706 τις
406 1668 502 1708 ἐχθρᾷ
526 1668 537 1707 ΙΙ
560 1669 658 1705 λόγον
681 1669 824 1707 φράσαις
848 1669 980 1709 ἀνάγκᾳ.
1022 1669 1098 1700 Hoc
1122 1670 1199 1700 loco
1232 1669 1313 1708 quid
1350 1679 1481 1708 quaeso
1515 1669 1606 1698 aliud
1630 1668 1798 1698 Pindarus
1833 1675 1978 1703 enarrat,

195 1722 258 1751 nisi
282 1723 360 1752 hoc:
388 1723 432 1752 ab
450 1722 618 1753 defunctis
636 1724 728 1762 apud
747 1723 875 1753 inferos
894 1724 1018 1754 delicta
1040 1724 1182 1761 admitti,
1206 1734 1268 1763 pro
1293 1723 1416 1762 quibus
1439 1724 1563 1753 deinde
1579 1723 1610 1752 in
1628 1733 1718 1753 nova
1732 1733 1836 1762 supra
1852 1728 1979 1753 terram

196 1777 267 1806 vita
299 1786 433 1815 poenae
463 1778 506 1806 ab
537 1777 585 1807 eis
615 1777 813 1817 exigantur3
844 1789 873 1808 v.
897 1779 949 1808 63:
986 1779 1150 1809 Θανόντων
1179 1779 1235 1815 μὲν
1258 1777 1362 1809 ἐνθάδ’
1393 1777 1490 1808 αὐτίκ’
1520 1777 1699 1814 ἀπάλαμνοι
1720 1778 1839 1815 φρένες
1865 1777 1980 1814 ποινὰς

195 1830 314 1861 ἔτισαν.
362 1830 539 1860 Habemus
564 1831 667 1869 igitur
691 1832 782 1870 apud
806 1831 992 1861 Pindarum
1016 1842 1141 1862 novam
1162 1832 1334 1871 quandam
1359 1836 1391 1861 et
1414 1833 1517 1870 plane
1543 1831 1750 1870 singularem
1775 1831 1868 1861 orbis
1891 1831 1980 1861 illius

194 1885 227 1914 in
253 1884 481 1924 Orphicorum
501 1891 533 1914 et
550 1885 851 1924 Pythagoreorum
876 1886 1193 1925 philosophumenis
1210 1886 1384 1915 sollemnis
1400 1884 1632 1916 definitionem
1648 1886 1750 1915 hanc:
1774 1890 1811 1915 ut
1830 1885 1979 1915 vicissim

196 1938 433 1968 defunctorum
458 1940 549 1977 apud
572 1939 699 1969 inferos
724 1939 850 1970 delicta
874 1946 954 1979 post
971 1950 1097 1970 novam
1120 1940 1379 1979 generationem
1395 1940 1449 1969 hic
1467 1939 1500 1969 in
1524 1944 1625 1974 terra,
1649 1939 1835 1969 viventium
1858 1939 1891 1968 in
1913 1939 1980 1969 hoc

196 1992 287 2021 Iovis
309 2002 418 2031 regno
442 1992 609 2023 maleficia
644 1994 686 2030 (V.
711 1994 768 2024 64:
803 1995 841 2024 τὰ
867 1994 901 2024 ἐν
924 1997 999 2033 τᾷδε
1023 1995 1105 2033 Διὸς
1130 1995 1212 2034 ἀρχᾷ
1236 1994 1361 2033 ἀλιτρὰ)
1396 1994 1489 2033 apud
1514 1993 1641 2023 inferos
1663 2003 1794 2033 poenas
1817 1993 1979 2032 pendant.

197 2045 314 2084 Atque
348 2046 394 2076 ita
431 2046 501 2076 eius
535 2048 643 2076 verba
680 2047 881 2078 rectissume
905 2048 1128 2079 Aristarchus
1159 2049 1327 2079 intellexit
1358 2048 1391 2078 in
1414 2047 1561 2079 Scholiis
1585 2047 1681 2079 Pind.
1705 2048 1748 2077 ad
1772 2047 1824 2079 Ol.
1848 2047 1890 2082 II,
1921 2048 1978 2078 102

196 2110 227 2138 p.
253 2100 290 2129 75
315 2106 417 2131 extr:
447 2100 657 2139 Ἀρίσταρχος
687 2102 841 2139 ἐξηγεῖται
865 2102 984 2140 οὕτως·
1011 2102 1040 2133 εἴ
1063 2113 1109 2141 τις
1132 2103 1198 2134 οἶδε
1221 2103 1257 2133 τὸ
1281 2103 1404 2140 μέλλον,
1431 2103 1480 2133 ὅτι
1502 2104 1615 2139 ποινὴν
1637 2102 1778 2134 τίνουσιν
1802 2102 1831 2133 οἱ
1858 2102 1892 2133 ἐν
1914 2102 1979 2132 ’Ἀι-

196 2157 252 2185 δου
277 2155 566 2193 παρανομήσαντες
581 2180 587 2185 .
601 2156 619 2186 ὁ
642 2157 702 2193 γὰρ
738 2156 836 2194 λόγος
863 2157 908 2194 ὡς
937 2158 1003 2187 τῶν
1026 2157 1131 2188 αὐτῶν
1154 2157 1324 2195 πλεονάκις
1348 2156 1568 2195 ἀναβιούντων
1591 2157 1641 2187 καὶ
1664 2156 1777 2187 ἐνθάδε
1800 2156 1818 2193 ἢ
1842 2157 1893 2186 καὶ
1918 2156 1981 2186 ἐκεῖ

196 2208 284 2245 δίκας
308 2209 461 2239 διδόντων
481 2211 545 2240 τῶν
569 2209 814 2247 ἁμαρτημάτων.
860 2210 990 2240 Eadem
1027 2210 1213 2250 explicatio
1246 2211 1389 2241 recurrit
1411 2211 1528 2250 paullo
1552 2209 1648 2248 infra,
1678 2210 1735 2240 ubi
1757 2219 1881 2239 nomen
1904 2209 1982 2239 Ari-

197 2262 323 2291 starchi
347 2263 528 2298 intercidit,
556 2264 663 2294 verba
688 2269 722 2294 et
737 2265 931 2295 sententiae
948 2265 1100 2295 eiusdem
1116 2265 1207 2294 haud
1223 2264 1325 2294 dubie
1341 2264 1490 2294 auctoris
1507 2270 1597 2298 sunt;
1624 2263 1736 2295 Schol.
1757 2264 1854 2294 Pind.
1872 2263 1922 2295 Ol.
1938 2263 1979 2297 11.

199 2317 266 2349 hu.
290 2326 322 2355 p.
347 2317 385 2347 76
410 2322 487 2355 post
512 2318 619 2348 meet:
654 2320 710 2356 τῆς
745 2319 824 2349 κατὰ
854 2319 1051 2357 Πυθαγόραν
1073 2319 1316 2356 παλιγγενεσίας
1338 2318 1436 2348 αὐτὸν
1459 2318 1678 2355 μνημονεύειν
1707 2318 1765 2355 τὰς
1793 2318 1853 2356 γὰρ
1876 2318 1982 2355 ψυχὰς
