2225 3049
1059 217 1114 247 XI

198 317 356 357 pinnulas
389 327 506 347 rursus
540 326 710 357 generare
744 323 869 356 potest.
913 317 1032 347 decem
1064 314 1157 344 milia
1193 326 1358 346 annorum
1393 319 1644 357 complectitur;
1691 319 1779 349 Plat.
1814 319 1977 350 Phaedro

198 381 230 411 p.
254 372 350 402 2482:
381 371 426 410 εἰς
454 373 510 409 μὲν
532 372 593 409 γὰρ
617 372 653 402 τὸ
677 372 766 405 αὐτὸ,
790 371 864 402 ὅθεν
887 371 954 408 ἥκει
975 372 994 409 ἡ
1017 371 1102 409 ψυχὴ
1127 371 1255 408 ἑκάστη,
1283 370 1341 402 οὐκ
1365 370 1541 408 ἀφικνεῖται
1565 374 1646 403 ἐτῶν
1670 374 1800 411 μυρίων·
1844 374 1883 405 οὐ
1916 375 1977 412 γὰρ

201 428 372 464 πτεροῦται
394 426 457 464 πρὸ
472 426 632 456 τοσούτου
655 426 783 464 χρόνου.
821 425 1013 464 Unicuique
1035 435 1119 455 vero
1137 425 1271 454 animae
1294 430 1479 464 antequam
1503 427 1546 455 ad
1566 428 1652 457 hunc
1675 428 1880 458 maturitatis
1897 439 1976 468 gra-

200 480 279 510 dum
303 479 491 518 perveniat,
525 480 644 508 decern
669 479 816 508 vitarum
834 479 944 508 stadia
961 480 1194 518 percurrenda
1219 485 1310 513 sunt;
1343 489 1449 518 quare
1477 479 1563 509 inter
1585 482 1681 511 binas
1708 482 1796 512 vitas
1824 483 1977 513 millenos

199 543 306 563 annos
332 533 529 563 interiectos
554 542 630 562 esse
652 542 796 563 necesse
820 538 881 562 est.
926 532 1026 562 Plato
1043 532 1189 564 Phaedr.
1213 544 1243 572 p.
1260 534 1354 564 *249122
1385 536 1429 573 τῷ
1453 534 1487 564 δὲ
1512 535 1661 573 χιλιοστῷ
1689 536 1865 574 ἀμφότεραι
1883 537 1975 576 (piae

199 593 233 617 et
249 587 386 626 impiae)
403 587 632 625 ἀφικνούμεναι
648 587 697 617 ἐπὶ
712 587 870 624 κλήρωσίν
887 597 920 617 τε
937 587 987 617 καὶ
1001 587 1126 624 αἵρεσιν
1141 589 1198 618 τοῦ
1213 588 1362 624 δευτέρου
1376 587 1453 625 βίου,
1467 587 1630 625 αἱροῦνται
1644 589 1680 618 ὃν
1694 589 1730 619 ἂν
1743 590 1834 630 ἐθέλῃ
1848 591 1976 628 ἑκάστη.

197 652 230 681 p.
254 641 348 672 249³:
368 641 453 682 τρίτῃ
479 641 618 681 περιόδῳ
642 644 678 681 τῇ
704 643 838 679 χιλιετεῖ,
863 647 897 671 et
916 640 1002 670 Plat.
1019 641 1087 680 pol.
1111 650 1142 679 p.
1166 642 1258 671 615⁰:
1283 640 1362 672 εἶναι
1378 642 1413 672 δὲ
1429 641 1486 678 τὴν
1503 641 1638 679 πορείαν
1661 644 1784 680 χιλιέτη.
1826 644 1978 674 Platonis

201 695 452 726 enarrationem
474 695 618 734 pulchre
641 695 813 734 expressit
827 694 1002 733 Vergilius
1019 694 1107 724 Aen.
1125 694 1183 729 VI,
1208 695 1282 725 748:
1305 694 1380 724 [sas
1395 704 1515 728 omnes,
1541 693 1601 724 ubi
1614 693 1707 724 milla
1723 698 1827 726 Jmfam
1845 697 1976 727 volvere

191 752 256 790 per
277 759 392 783 annos,
407 748 419 787 Η
434 747 616 778 Lethaeum
641 748 687 777 ad
697 746 852 788 flurium
881 747 962 776 deus
984 750 1095 777 evoca!
1122 747 1260 788 agmine
1283 758 1413 787 magno,
1431 747 1442 786 ’ί
1458 746 1595 777 Scilicet
1623 747 1828 778 immemor&
1855 754 1976 791 supera.

198 804 238 832 ul
258 811 405 832 convexa
426 800 587 835 revisant,
605 801 616 840 J!
632 811 755 830 rursus
783 803 815 830 ct
842 800 1015 842 incipiam
1037 800 1075 831 in
1098 804 1234 841 corpora
1257 801 1339 831 velle
1365 800 1501 832 reversi.
1546 801 1655 832 Huius
1677 807 1747 832 tam
1770 803 1865 842 longi
1887 805 1978 834 mille

199 867 364 887 annorum
388 855 488 895 spatii
513 865 554 885 ea
577 865 699 885 caussa
723 862 785 889 est,
815 857 907 895 quod
940 856 1078 886 deciens
1102 856 1301 886 tantundem
1331 865 1607 895 unamquamque
1630 856 1778 886 animam
1810 859 1977 888 mercedis

198 910 354 950 accipere
376 915 516 949 oportet
537 919 601 949 pro
625 909 683 944 eis,
706 909 843 948 quaein
858 910 923 940 hac
941 909 1012 939 vita
1027 910 1242 947 commeruit;
1266 910 1354 940 Plat.
1377 911 1442 949 pol.
1461 920 1491 949 p.
1509 911 1604 941 615³:
1627 910 1706 949 ὑπὲρ
1722 910 1873 942 ἁπάντων
1890 913 1977 949 δίκην

197 965 368 996 δεδωκέναι
391 964 426 994 ἐν
449 964 544 1002 μέρει,
577 963 657 1002 ὑπὲρ
681 963 817 994 ἑκάστου
841 964 966 1002 δεκάκις
984 989 989 994 .
1008 989 1013 994 .
1033 988 1038 994 .
1056 988 1061 996 ,
1081 964 1134 994 ἵνα
1158 964 1374 994 δεκαπλάσιον
1396 964 1433 994 τὸ
1449 964 1579 1001 ἔκτισμα
1602 967 1659 995 τοῦ
1682 964 1877 1003 ἀδικήματος
1901 966 1978 996 ἐκτί-

196 1029 283 1050 νοιεν
383 1018 434 1048 καὶ
465 1018 504 1048 αὖ
536 1017 565 1048 εἴ
592 1028 681 1055 τινας
710 1017 896 1056 εὐεργεσίας
923 1018 1170 1056 εὐεργετηκότες
1193 1041 1223 1048 ..
1242 1044 1248 1047 .
1271 1017 1343 1052 εἶεν,
1375 1019 1455 1048 κατὰ
1478 1018 1578 1048 ταύτὰ
1601 1019 1657 1055 τὴν
1680 1018 1769 1049 ἀξίαν
1793 1019 1977 1056 κομίζοιντο.

195 1072 325 1112 Atque,
358 1073 452 1112 quod
474 1072 607 1107 mirere,
639 1081 682 1101 ne
716 1082 778 1102 eae
801 1072 939 1111 quidem
963 1072 1106 1110 animae,
1142 1081 1230 1110 quae
1253 1072 1433 1101 brutorum
1460 1072 1657 1102 animalium
1681 1081 1829 1112 corpora
1852 1073 1884 1102 in
1908 1073 1980 1103 vita

198 1132 389 1166 gestarunt,
414 1126 506 1156 velut
523 1126 668 1165 aquilae,
693 1132 729 1155 ut
745 1125 1028 1165 Agamemnonis,
1051 1125 1170 1156 leonis.
1194 1131 1230 1155 ut
1245 1125 1374 1164 Aiacis,
1399 1126 1507 1165 cycni,
1532 1133 1568 1155 ut
1586 1126 1725 1165 Orphei,
1748 1126 1920 1162 lusciniae,
1942 1133 1980 1157 ut

199 1180 406 1220 Thamyrae.
430 1179 526 1216 (Plat.
549 1180 619 1219 pol.
635 1190 668 1218 p.
685 1180 759 1217 620)
783 1181 827 1209 ab
845 1180 910 1210 hac
933 1180 1024 1209 mille
1042 1189 1207 1209 annorum
1231 1179 1374 1209 rationis
1389 1180 1590 1210 reddendae
1613 1180 1691 1218 lege
1707 1180 1873 1210 immunes
1890 1187 1976 1215 sunt,

197 1234 291 1274 quod
315 1234 442 1264 diserte
464 1244 484 1263 a
510 1234 651 1264 Platone
675 1233 820 1263 traditur
843 1234 886 1263 ib.
908 1243 940 1273 p.
965 1234 1041 1264 1320:
1070 1233 1146 1264 ἰδεῖν
1169 1234 1203 1264 δὲ
1228 1234 1279 1263 καὶ
1301 1233 1464 1272 (loquitur
1484 1233 1539 1267 Er,
1563 1233 1717 1263 Armenii
1741 1233 1839 1273 filius)
1863 1235 1978 1266 κύκνον

197 1287 436 1326 μεταβάλλοντα
460 1287 505 1325 εἰς
529 1287 731 1326 ἀνθρωπίνου
756 1288 824 1326 βίου
849 1288 983 1327 αἵρεσιν,
1007 1288 1058 1318 καὶ
1083 1287 1164 1318 ἄλλα
1186 1289 1252 1318 ζῶα
1275 1288 1411 1325 μουσικὰ
1435 1287 1602 1325 ὡσαύτως.

345 1331 456 1381 Quom
479 1341 584 1381 igitur
607 1341 703 1372 Plato
727 1341 785 1370 illa
807 1341 976 1371 mercedis
1006 1341 1227 1381 accipiendae
1254 1348 1413 1380 tempora
1435 1348 1505 1371 tam
1529 1342 1643 1380 ampla
1667 1341 1889 1378 constituerit,
1918 1353 1978 1372 ve-

196 1396 360 1426 tustiores
383 1394 547 1433 theologi,
572 1393 713 1433 Orphici
736 1399 770 1424 et
785 1394 1003 1433 Pythagorei,
1026 1394 1130 1433 longe
1146 1395 1402 1434 angustioribus
1418 1394 1544 1425 finibus
1569 1405 1609 1425 ea
1631 1395 1977 1435 circumscripserunt.

196 1450 274 1480 Hoc
297 1450 340 1480 de
357 1448 517 1488 Orphicis
539 1447 638 1478 facile
661 1447 832 1487 colligitur
853 1458 897 1478 ex
920 1448 1119 1478 iteratarum
1142 1449 1403 1489 generationum
1427 1449 1622 1484 crebritate,
1645 1459 1714 1489 qua
1735 1449 1774 1479 fit
1797 1455 1834 1479 ut
1857 1451 1977 1480 eadem

196 1504 309 1534 anima
331 1503 365 1533 in
388 1503 510 1532 eadem
542 1502 645 1531 domo
669 1502 772 1531 modo
794 1502 913 1541 patris,
943 1503 1047 1532 modo
1071 1502 1138 1542 filii,
1166 1505 1270 1534 modo
1294 1504 1421 1541 matris,
1451 1504 1572 1534 uxoris
1595 1505 1651 1534 vel
1672 1503 1762 1534 filiae
1784 1504 1861 1535 loco
1886 1515 1977 1535 com-

194 1567 318 1598 parere
340 1557 464 1596 possit;
489 1556 629 1587 Proclus
652 1557 697 1585 ad
726 1556 808 1587 Plat.
832 1548 900 1595 pol.
923 1567 955 1595 p.
982 1557 1040 1587 116
1072 1558 1124 1587 ed.
1151 1557 1304 1588 Schoell:
1335 1559 1364 1589 οἱ
1387 1558 1414 1589 δ’
1439 1558 1530 1589 αὐτοὶ
1553 1559 1691 1597 πατέρες
1714 1569 1747 1590 τε
1771 1559 1820 1589 καὶ
1837 1559 1920 1597 υἱέες
1943 1559 1978 1590 ἑν

196 1612 382 1650 μεγάροισιν
397 1610 408 1651 [ζ
425 1611 577 1648 εὔκοσμοί
599 1611 625 1641 τ’
650 1610 761 1648 ἄλοχοι
781 1611 832 1641 καὶ
856 1612 990 1649 μητέρες
1009 1611 1066 1648 ἠδὲ
1094 1612 1250 1650 θύγατρες
1268 1612 1280 1652 'l
1296 1612 1433 1648 γίγνοντ’
1458 1612 1603 1650 ἀλλήλων
1627 1613 1910 1652 μεταμειβομένῃσι
1931 1623 1981 1649 γε-

196 1667 333 1704 νέθλαις.
371 1665 426 1695 Ac
440 1666 619 1695 brutorum
632 1665 735 1695 etiarn
752 1665 946 1695 animalium
959 1674 1108 1704 corpora
1124 1667 1310 1696 secundum
1325 1665 1496 1705 Orphicos
1514 1666 1598 1696 satis
1611 1665 1780 1706 frequenti
1797 1666 1979 1697 iteratione

196 1719 240 1749 ab
263 1719 441 1749 animabus
463 1717 611 1748 habitari
635 1719 754 1751 solent.
779 1719 1067 1758 quemadmodum
1084 1719 1223 1750 Proclus
1252 1719 1422 1760 significat
1445 1720 1543 1752 ibid.:
1567 1719 1671 1751 οὕνεκ’
1685 1720 1874 1759 ἀμειβομένη
1891 1722 1977 1758 ψυχὴ

195 1773 276 1804 κατὰ
290 1773 389 1804 κύκλα
401 1772 532 1811 χρόνοιο
544 1772 556 1811 Η
569 1772 740 1810 ἀνθρώπου
754 1774 863 1813 ζῴοισι
878 1773 1063 1811 μετέρχεται
1079 1773 1216 1805 ἀλλόθεν
1229 1773 1355 1812 ἄλλοις
1369 1774 1380 1813 Η
1393 1774 1508 1805 ἄλλοτε
1526 1775 1581 1811 μέν
1600 1774 1626 1805 θ’
1642 1775 1748 1811 ἵππος,
1771 1775 1844 1806 τότε
1860 1775 1980 1811 γίνεται

197 1827 395 1865 [ἀμφίκερως
412 1829 490 1865 βοῦς
507 1826 681 1865 supplevit
696 1827 887 1866 Usenerus]
905 1826 916 1865 {f
933 1827 1049 1859 ἄλλοτε
1067 1829 1101 1858 δὲ
1116 1828 1286 1866 πρόβατον,
1310 1828 1382 1859 τότε
1399 1828 1425 1859 δ’
1443 1828 1558 1866 ὄρνεον
1582 1828 1671 1859 αἰνὸν
1694 1828 1824 1863 ἰδέσθαι,
1839 1829 1849 1867 'E
1862 1829 1978 1860 ἄλλοτε

195 1881 222 1912 δ’
247 1881 287 1912 αὗ
309 1880 423 1911 κύνεόν
444 1891 478 1911 τε
502 1881 601 1918 δέμας
617 1881 709 1919 φωνή
733 1891 766 1911 τε
784 1880 989 1920 βαρεῖα,]ξκαὶ
1005 1883 1138 1920 ψυχρῶν
1153 1882 1257 1920 ὀφίων
1273 1882 1361 1920 ἕρπει
1383 1883 1478 1920 γένος
1501 1883 1535 1913 ἐν
1551 1883 1640 1920 χθονὶ
1663 1883 1722 1923 δίῃ.
1757 1882 1822 1912 His
1837 1883 1925 1912 inter
1941 1893 1978 1913 se

195 1933 402 1974 comparatis
417 1933 589 1973 Orphicos
603 1934 777 1973 aliquanto
793 1935 952 1965 breviore
972 1936 1113 1966 modulo
1136 1936 1194 1965 illa
1209 1935 1390 1966 intervalla
1414 1936 1555 1966 duarum
1573 1936 1720 1966 vitarum
1736 1946 1874 1966 mensos
1891 1947 1978 1974 esse,

195 1989 351 2019 conicere
363 1988 458 2021 licet;
473 1992 624 2017 attamen
638 1988 681 2016 ab
695 1987 803 2017 altera
818 1994 919 2027 parte
931 1989 1122 2019 cavendum
1134 1995 1196 2024 est,
1207 2000 1250 2020 ne
1263 1989 1400 2020 nimium
1415 2000 1455 2020 ea
1464 1990 1585 2020 brevia
1596 1991 1695 2020 nobis
1703 1990 1885 2030 fingamus,
1897 2001 1977 2021 nam

196 2043 289 2082 apud
302 2041 474 2082 Orphicos
490 2051 628 2080 quoque
643 2041 733 2070 iusta
745 2048 779 2071 et
790 2042 894 2080 plena
905 2043 994 2072 bene
1014 2043 1069 2073 vel
1081 2053 1189 2082 prave
1206 2045 1239 2074 in
1259 2045 1330 2074 vita
1345 2044 1514 2074 factorum
1527 2054 1659 2075 merces
1673 2045 1760 2074 inter
1774 2045 1978 2085 principalia

194 2096 434 2136 philosophiae
455 2096 632 2135 postulata
653 2101 717 2134 est;
749 2095 890 2126 Proclus
913 2097 957 2126 ad
979 2096 1062 2128 Plat.
1097 2098 1166 2137 pol.
1186 2109 1219 2138 p.
1243 2098 1300 2129 117
1331 2099 1383 2129 ed.
1407 2097 1547 2129 Schoell
1576 2099 1619 2129 de
1649 2097 1809 2138 Orpheo:
1842 2099 1899 2137 τὰς
1921 2100 1978 2137 μἐν

197 2151 399 2190 ἀνθρωπίνας
421 2151 527 2188 ψυχὰς
551 2150 698 2188 βούλεται
720 2152 838 2189 χωρεῖν
861 2150 907 2189 εἰς
931 2152 987 2182 τὸν
1002 2151 1196 2190 ὑποχθόνιον
1218 2152 1320 2184 τόπον
1335 2153 1524 2191 καθάρσεως
1548 2153 1642 2184 ἕνεκα
1664 2153 1715 2183 καὶ
1737 2153 1905 2191 κολάσεως
1927 2154 1978 2184 καὶ

196 2205 242 2244 εἰς
257 2206 296 2236 τὰ
318 2205 518 2243 δεσμωτήρια
532 2207 590 2242 τῆς
606 2204 722 2242 τίσεως
745 2230 751 2235 .
768 2229 774 2235 .
791 2230 797 2235 .
814 2230 820 2243 ,
844 2205 952 2243 μέχρις
969 2205 1008 2236 ἄν
1024 2205 1070 2244 εἰς
1087 2206 1168 2237 ἄλλα
1184 2207 1318 2243 σώματα
1334 2206 1428 2238 πάλιν
1445 2207 1627 2238 ἑνδεθῶσιν.
1663 2205 1828 2237 Similiter
1843 2207 1978 2246 piorum

196 2266 230 2290 et
253 2259 417 2289 iustorum
439 2259 592 2288 virorum
613 2264 693 2297 post
720 2264 867 2289 mortem
896 2260 1066 2298 praemia:
1097 2260 1318 2291 clarissumae
1346 2260 1379 2290 in
1406 2260 1667 2291 florentissumis
1694 2261 1803 2300 pratis
1826 2271 1978 2291 commo-

193 2313 357 2348 rationes,
379 2313 496 2352 paullo
520 2312 637 2343 hercle
659 2313 806 2352 amplius
829 2323 869 2344 ac
890 2323 958 2344 non
973 2314 1073 2344 nimis
1091 2320 1278 2355 angustum
1295 2314 1418 2354 quietis
1442 2321 1475 2345 et
1497 2315 1720 2345 recreationis
1737 2316 1884 2354 spatium
1911 2315 1974 2345 sibi
